2734 4375
255 407 296 473 32
578 480 579 485 Ἰ
674 398 803 451 ΙΣΔΙΟΤ
1117 403 1169 458 Οι.
1185 389 1225 457 6⁸

220 569 471 663 3γραψάμενος.
507 567 776 659 άμφισβητοόσης
795 572 832 641 δέ
848 573 905 657 τής
922 568 1043 661 μητρός
1060 576 1118 659 τής
1135 569 1212 662 ήμε-

254 677 366 761 τέρας,
390 668 537 791 ἀδελφῆς
560 671 599 740 δὲ
619 675 681 740 τοῦ
697 670 852 761 Πύρρου,
874 666 893 740 6
916 669 1029 759 κύριος
1051 675 1108 758 της
1126 681 1212 762 εἰλη-

254 781 350 864 χυίας
367 775 427 841 του
447 770 572 891 κλήρου
593 768 750 859 γυναικός
774 769 928 860 ἐτόλμησε
951 776 1211 860 διαμαρτυρῆσαι

255 902 299 962 μη
289 869 525 943 ἐπίδικον
483 900 523 961 τη
540 866 681 992 ἡμετέρη
698 874 796 961 μητρὶ
812 869 871 941 τόν
887 899 947 940 του
936 867 1113 960 άδελφοῦ
1134 877 1210 960 κλή-

255 1002 315 1095 ρον
339 972 445 1068 εἶναι,
467 968 512 1053 τός
532 969 634 1060 οὔσης
656 982 794 1060 γνησίας
816 968 983 1061 θυγατρός
1004 968 1146 1090 Πόρρῳ,
1170 963 1212 1042 06

255 1063 299 1161 ἦν
317 1067 386 1155 έξ’
367 1076 468 1162 αρχῆς
490 1067 653 1193 δκλήρος
697 1070 954 1160 έττισκηψάμενοι
973 1066 1045 1139 δέ
1027 1087 1137 1160 ημεις,
1156 1075 1210 1140 καὶ

257 1181 304 1254 είς
320 1168 405 1262 δμάς
423 1169 697 1260 εἰσαγαγόντες
664 1201 723 1242 τον
717 1175 997 1340 ἐδιαμαρτυρήσαι
1008 1168 1214 1259 τολμήσαντα

221 1270 337 1348 4κατά
359 1277 478 1362 ταῦτα,
509 1272 636 1343 ἐκεῖνόν
657 1301 694 1342 τε
717 1274 938 1359 ἐξελέγξαντες
962 1276 1153 1361 περιφανῶς
1175 1270 1215 1341 τά

255 1377 366 1461 ψευδῆ
387 1371 658 1495 μεμαρτυρηκότα
679 1369 741 1462 τήν
763 1376 831 1442 τῶν
848 1375 1147 1462 ψευδομαρτυριῶν
1166 1379 1213 1440 δί-

255 1503 319 1562 κην
338 1479 469 1562 ειλομεν
486 1470 566 1564 παρ’
591 1469 691 1563 ὑμῖν,
714 1475 769 1543 καὶ
793 1474 924 1542 τουτονὶ
941 1470 1136 1560 Νικόδημον
1153 1498 1214 1542 τια-

256 1578 406 1694 ραχρήμα
430 1578 644 1692 ἐξηλέγξαμεν
663 1577 700 1644 έν
716 1590 785 1653 τοῖς
803 1569 916 1653 αὐτοῖς
935 1569 1140 1652 δικασταίς’
1121 1602 1214 1642 αυαι-

256 1672 476 1763 σχυντότατον
493 1703 532 1764 τη
545 1683 711 1766 μαρτυρίᾳ
723 1671 804 1744 ὄντα
815 1672 931 1762 ταότη,
950 1669 986 1753 ὅς
1003 1701 1042 1761 γε
1060 1672 1216 1796 ἐτόλμησε

255 1779 461 1902 μαρτυρήσαι
480 1779 637 1864 ἐγγυῆσαι
654 1804 700 1870 τςο
688 1779 802 1868 θείῳ
820 1778 868 1868 τῷ
883 1769 1029 1896 ήμετέρω
1046 1771 1108 1861 τήν
1119 1770 1214 1843 άδελ-

221 1903 238 1954 5
255 1872 324 1965 φήν
335 1873 397 1963 τὴν
417 1879 539 1946 ἑαυτοῦ
554 1893 698 1965 γυναῖκα
716 1876 801 1946 εἶναι
819 1872 901 1945 κατά
917 1870 994 1955 τούς
1010 1872 1140 1962 νόμους.
1165 1871 1215 1944 ὅτι

256 1965 386 2065 μὲν
344 2005 406 2046 ουν
424 1980 514 2046 κάλ’
497 2004 534 2045 ευ
550 1981 591 2066 τῇ
608 1979 763 2097 αρρτέρᾳ
777 1971 891 2064 δίκη
871 2004 892 2063 η
909 1973 1029 2094 τοάτρυ
1052 1983 1216 2100 μαρτυρία

257 2073 385 2164 ψευδής
403 2075 564 2158 ἔδοξεν
532 2103 634 2163 ειναι,
653 2071 670 2144 6
688 2070 763 2144 τόδ’
784 2072 936 2154 ἑαλωκώς
952 2073 1077 2164 μάρτυς
1094 2077 1215 2162 σαφέσ-

256 2205 337 2245 τατα
347 2179 467 2246 τοῦτον
480 2177 645 2265 ἐξελέγχει.
660 2182 692 2245 εί
701 2171 764 2266 γάρ
775 2171 819 2265 μή
831 2173 940 2244 ἐδόκει
950 2165 1046 2255 οὗτος
1056 2172 1097 2245 τά
1107 2178 1217 2264 ψευδή

257 2274 330 2346 τότε
346 2280 568 2367 μαρτυρήσαι,
589 2280 691 2364 δῆλον
707 2272 758 2346 ότι
776 2273 900 2356 ἐκεῖνός
917 2271 947 2344 τ’
966 2270 1009 2344 άν
1031 2272 1216 2365 άτιορυγών

256 2371 318 2465 τήν
343 2382 583 2466 διαμαρτυρίαν
605 2372 752 2464 άπήλθε,
783 2377 838 2446 καὶ
861 2375 1061 2465 κληρονόμος
1083 2372 1125 2447 άν
1149 2380 1216 2446 των

156 2477 161 2486 ’
256 2480 317 2547 ’τοῦ
332 2485 430 2547 θείου
448 2472 469 2564 6
489 2483 794 2568 διαμαρτυρηθελσα
810 2485 930 2564 γνησία
946 2474 1098 2565 θυγάτηρ
1117 2477 1214 2560 εἶναι,

223 2573 331 2648 6άλλ’
355 2573 417 2648 αόκ
438 2573 481 2648 άν
503 2572 524 2666 6
548 2573 689 2668 ήμετέρα
712 2581 849 2665 κατέστη
872 2576 987 2666 μήτηρ.
1023 2572 1160 2658 ἁλόντος
1179 2580 1216 2646 δὲ

257 2682 319 2748 τοῦ
340 2677 506 2768 μάρτυρος
529 2682 585 2748 καὶ
602 2675 790 2766 ἀποστάσης
806 2682 868 2748 του
884 2676 1008 2766 κλήρου
1033 2681 1091 2765 τῆς
1115 2674 1215 2766 άμφι-

258 2777 444 2866 σβητοάσης
466 2787 606 2866 γνησίας
627 2775 796 2867 θυγατρός
813 2776 941 2870 Πάρριμ
966 2777 1067 2866 εἶναι,
1091 2777 1216 2867 μεγάλη

258 2872 385 2965 άνάγκη
408 2875 475 2966 άμα
497 2881 553 2947 καὶ
575 2876 638 2999 τήν
659 2877 782 2949 τούτου
810 2886 996 2968 μαρτυρίαν
1020 2881 1215 2948 ἑαλωκέναι·

258 2979 334 3063 περὶ
356 2974 420 3067 γάρ
444 2974 549 3046 αὐτου
573 2976 696 3048 τοότου
723 2974 742 3048 6
766 2977 1032 3099 διαμαρτυρήσας
1060 2976 1121 3067 τήν
1148 2983 1217 3049 τῶν

258 3081 556 3167 ψευδομαρτυριωυ
575 3084 672 3168 δίκην
683 3075 874 3167 ἠγωνίζετο,
892 3078 1032 3169 πότερον
1050 3083 1116 3162 έξέ
1116 3108 1216 3168 γγυη-

240 3180 316 3267 Χτής
343 3172 364 3266 6
395 3180 473 3260 ἐξ
457 3186 588 3269 εταίρας
614 3174 636 3268 6
665 3176 918 3300 άμρισβητουσα
940 3184 1002 3250 του
1023 3179 1147 3270 κλήρου
1169 3183 1218 3272 τῷ

257 3287 342 3399 δείηι
371 3275 527 3367 γυναικός
560 3289 619 3368 είη·
665 3278 839 3367 γνώσεσθε
869 3276 901 3349 δ’
932 3277 1132 3361 άκοάσαντες
1160 3249 1217 3349 κάλ

258 3373 354 3468 άμεις
370 3383 428 3467 τῆς
445 3405 481 3449 τε
497 3375 704 3468 ἀντωμοσίας
720 3383 778 3467 τῆς
791 3375 948 3472 ἡμετέρας
962 3385 1069 3451 καὶ
1028 3410 1086 3470 της
1096 3379 1217 3452 τοάτου

257 3488 439 3570 μαρτυρίας
463 3483 518 3549 καὶ
547 3484 604 3568 της
632 3475 775 3568 άλοάσης
805 3487 1050 3573 διαμαρτυρίας.
1090 3478 1217 3569 Ἀναγί·

226 3597 241 3646 7
258 3601 388 3665 γνωσκε
404 3577 518 3667 λαβών
534 3583 631 3651 τασδὶ
650 3578 773 3662 αὐτοῖς.

113 3769 128 3786 .
250 3727 253 3734 ‚
366 3708 591 3764 ιννακοειε.
625 3711 822 3765 wrm.
857 3711 1115 3764 mmmm.
