2734 4375
265 419 306 485 32
408 462 418 483 ,
665 411 803 463 mm
956 416 958 421 ·
1038 434 1040 439 ·
1117 411 1217 465 οιτ

266 582 436 674 γενόμενοι
470 587 509 655 δέ
539 610 626 665 τινες
652 586 882 672 ἐξαγγέλλουσι
906 598 974 662 τοῖς
999 589 1134 664 οἰκείοις
1159 581 1223 672 τήν

268 681 462 772 ἐπιβουλήν,
488 686 545 755 καί
572 681 726 765 ἐλθόντες
752 682 923 772 ἐδήλωσαν
947 680 985 754 τό
1002 686 1137 772 πρᾶγμα
1152 701 1224 766 τοῖς

268 789 451 906 δικασταῖς,
478 772 601 861 καί”
558 812 664 864 ουτως
690 780 987 907 ότεχειροτόνησαν
1011 788 1047 853 οί
1071 788 1224 855 δικασταὶ

267 881 311 974 μή
327 880 473 975 μισθοῦν
489 882 566 967 τοῦς
578 895 704 966 οἰκονς
733 891 764 953 εἰ
781 880 814 953 δ’
834 892 972 972 έλαθεν,
990 879 1203 954 όπωλωλει
1182 914 1225 957 αν

267 980 377 1071 ἅπασα
393 979 415 1072 ή
432 981 538 1057 οῦσία.
572 992 645 1057 Καί
665 1013 722 1074 μοι
738 982 831 1055 κάλει
847 982 924 1065 τοῦς
936 988 1226 1076 παραγενομέναις

268 1112 445 1176 {21¹0thss

644 1229 855 1283 mmm

217 1398 250 1451 38
341 1386 431 1475 Πρίν
455 1384 517 1473 μὲν
542 1391 658 1455 τοίνυν
673 1382 812 1466 τούτους
830 1359 993 1506 γνωρίσαι
1014 1380 1077 1471 τήν
1092 1381 1226 1505 ἅνθρω-

269 1512 333 1555 πον
348 1486 404 1559 καὶ
420 1480 493 1575 μετ’
514 1486 641 1573 ἐκείνης
666 1486 900 1572 ἐπιβουλεῦσαι
917 1479 1119 1606 Εὐκτήμονι,
1138 1481 1226 1554 οῦτω

271 1580 396 1671 πολλὴν
421 1580 540 1655 οόσίαν
567 1587 718 1672 ἐκέκτητο
743 1580 930 1673 Εὐκτήμων
954 1583 1036 1673 μετὰ
1060 1612 1120 1655 του
1109 1588 1226 1665 υἰέος

270 1679 574 1775 Φιλοκτήμονος,”
547 1707 631 1755 ωστε
642 1681 709 1779 ἅμα
725 1712 762 1755 τε
775 1713 818 1754 τα
806 1679 1006 1773 μέγιστα
986 1700 1068 1773 υμῖν
1080 1693 1226 1774 λειτονρ·

268 1801 341 1872 γείν
367 1779 572 1875 ἀμφοτέρους
596 1789 664 1855 τόν
689 1812 725 1854 τε
751 1780 898 1874 ἀρχαίων
923 1785 1029 1873 μηδὲν
1053 1789 1226 1873 πραθῆναι

268 1887 336 1954 τῶν
356 1911 393 1953 τε
414 1884 589 1975 προσόδων
612 1901 815 1975 περιποιεῖν,
841 1880 925 1953 ὥστε
948 1881 1004 1952 ἆεί
1016 1913 1049 1954 τι
1066 1888 1224 1973 προσκτᾶ-

269 1996 364 2055 σθαι·
390 1983 504 2071 ἐπειδή
526 1981 559 2053 δ’
585 1982 775 2071 ἐτελεύτησε
798 1983 1030 2073 Φιλοκτήμων,
1055 1981 1141 2054 οὕτω
1159 1990 1224 2052 διε-

175 2106 179 2113 ·
268 2088 351 2172 τίθη
376 2079 396 2172 ἡ
422 2081 538 2172 οὐσία,
570 2082 657 2168 όόστεΙ
679 2087 747 2154 τοῖν
769 2080 917 2173 ἀρχαίων
938 2085 1023 2172 μηδὲ
1045 2081 1085 2155 τοὶ
1104 2079 1225 2172 ἡμίσεα

227 2259 229 2265 y
271 2182 355 2254 εἶναι
381 2180 479 2253 λοιποὶ
504 2185 560 2254 καί
584 2180 643 2266 τέις
667 2180 852 2273 προσόδους
878 2178 1007 2266 ἆιιόσας
1029 2180 1225 2305 ἠφανίσθαι.

219 2308 253 2361 39
270 2285 324 2352 καί
342 2277 423 2353 οῦδὲ
439 2287 545 2354 ταῦτα
561 2280 796 2374 ἐξήρκεσεν’
753 2301 866 2366 αντοις
885 2289 1102 2409 διαφορῆσαι,
1126 2314 1153 2355 ω
1170 2283 1226 2355 όιν-

272 2389 366 2474 δρες,
384 2378 459 2453 ἀλλ’
487 2381 601 2472 ἐπειδή
619 2386 674 2454 καί
693 2381 938 2480 ἐτελεῦτησεν’
921 2414 940 2456 ο
957 2381 1161 2508 Εῦκςήμων,
1180 2393 1227 2466 εἰς

270 2486 368 2554 τοῦτο
401 2473 510 2572 ἦλθον
540 2482 659 2575 τόλμης
686 2481 766 2560 ωστ’
795 2489 924 2570 ἐκείνου
949 2489 1102 2575 κειμένου
1128 2493 1228 2556 ἐνδον

271 2581 348 2665 τοῦς
365 2585 427 2686 μὲν
443 2613 460 2656 ο
462 2583 581 2666 ἰκέτας
583 2581 816 2675 ἐφόλαττον,,”
795 2612 885 2668 οπως
901 2588 1017 2674 μηδεὶς
1030 2589 1237 2710 ἐξμγγείλειε.

271 2681 352 2773 μήτε
377 2701 453 2756 ταῖν
477 2687 680 2775 θυγατέροιν
703 2683 785 2775 μήτε
809 2714 858 2776 τη
838 2688 1000 2774 γυναικὶ
1026 2682 1131 2756 αὐτοῦ
1146 2684 1229 2774 μήτε

271 2785 338 2854 τοῖν
355 2791 487 2855 οἰκείων
502 2791 639 2876 μηδενί,
664 2812 706 2858 τα
733 2786 771 2855 δέ
791 2784 941 2907 χρήμμτα
957 2792 1101 2858 ἔνδοθεν
1118 2788 1227 2873 ἐξεφο-

271 2881 413 2972 ρήσαντο
423 2881 504 2974 μετὰ
520 2888 577 2972 τῆς
594 2879 777 2980 ἆνθριόπου
795 2882 889 3007 εἰς
852 2913 914 2974 την
925 2881 1095 2975 ὁμότοιχον
1107 2892 1228 2973 οἰκίαν,

272 2978 345 3076 ἢν
334 2979 411 3053 όόκει
428 2985 687 3074 μεμισθωμένος
703 2979 764 3065 εἷς
772 2982 917 3074 τούτων,
932 2982 1127 3073 Ἀντίδωρος
1145 2989 1228 3056 ἐκεῖ·

220 3097 255 3148 40
270 3111 336 3164 νος.
382 3086 439 3153 καὶ
464 3080 540 3154 οὐδ’
569 3082 728 3173 ἐπειδὴ
711 3087 832 3175 ετέρων
857 3084 1045 3210 πυθόμεναι
1069 3077 1177 3174 ήλθον
1194 3092 1232 3155 αί

271 3186 454 3274 θυγατέρες
479 3180 583 3255 αότου
570 3179 711 3256 Ηκαί
690 3213 712 3274 η
732 3182 842 3306 γυνή,
874 3182 1016 3274 οῦδὲ’
979 3215 1053 3258 τοτε
1079 3197 1159 3257 εἰσιν
1185 3194 1229 3257 εἰ

272 3288 396 3376 σιέναι,
415 3282 483 3356 ἀλλ’
495 3275 693 3356 ἀπέκλεισαν
702 3314 743 3375 τη
732 3283 866 3408 θύρη,
880 3284 1062 3375 φάσκοντες
1074 3283 1116 3357 οῦ
1129 3309 1229 3376 προσ

272 3384 364 3474 ήκειν
390 3382 504 3469 αῦταίς
529 3382 671 3480 θάπτειν
696 3381 926 3476 Εὐκτήμονα
943 3390 999 3458 καὶ
1021 3384 1098 3460 οὐδ’
1127 3395 1241 3457 εἰσελ·

272 3497 352 3556 θεῖν
379 3486 614 3575 ἐδύναντο,ὲί
583 3481 682 3576 εμή
700 3484 793 3574 μόλις
810 3490 865 3558 καὶ
882 3491 958 3579 περὶ
975 3484 1072 3577 ήλίου
1091 3486 1228 3576 δυσμάς.

222 3602 254 3654 41
274 3590 483 3656 εἰσελθοῦσαι
508 3585 545 3657 δέ
566 3587 748 3674 κατέλαβον
772 3589 900 3660 ἐκείνου
921 3589 983 3678 μέν
1006 3596 1106 3660 ἔνδον
1123 3596 1230 3677 πείμε-

270 3711 331 3754 νον
349 3690 557 3782 δευτεραῖον,
584 3681 775 3788 οδςέφασαν
791 3691 826 3764 οἰ
840 3692 981 3782 οἰκέται,
1006 3688 1047 3760 τό
1066 3684 1104 3762 δ’.
1118 3691 1155 3758 ἐκ
1170 3691 1230 3777 τής
