2734 4375
194 448 224 498 p.
241 428 285 481 8⁷.
413 425 504 478 ΠΕΡΙ
521 424 598 476 ΤΟΥ
615 421 755 477 ΔΓΝῙΟΤ
771 420 936 474 ΚΔΗΡΟΤ.
1092 425 1153 489 143

196 601 258 688 μέν
274 627 305 668 τι
322 593 436 667 καὶ’
394 599 486 689 αυτῷ
497 598 600 684 μετήν
611 590 694 663 κατὰ
710 590 748 663 τῦ
758 596 871 682 γένος,
890 589 934 672 ώς
945 582 1041 672 οῦτος
1055 595 1153 680 λέγει,

163 712 176 722 ’“
196 704 320 769 τίέδει
340 701 500 786 γενέσθαι
523 693 649 783 ταῦτήν
666 691 779 775 αῦτοϊς
801 720 868 784 παρ
872 689 1038 781 ’ἐμοῦ
1000 721 1063 780 τήν
1079 688 1154 787 ὁμο·

197 806 329 887 λογίαν;
354 789 398 884 ἦν
420 794 484 887 γὰρ
501 791 562 887 ὁμο
564 803 621 875 ίως
564 798 700 865 ίκαί
717 794 845 873 τούτοις
863 791 1061 863 ἐπίδικον
1028 822 1064 862 το
1081 789 1154 882 ήμι

196 897 349 989 κλήριον,
369 909 403 966 εί
416 922 478 987 περ
495 892 607 984 ἀληθῆ
622 899 786 984 λέγουσιν.
824 901 856 964 εί
873 890 971 982 δὲμὴ
988 899 1155 984 προσήκω
1170 910 1213 969 25,

195 996 308 1079 αῦτολς
331 1001 390 1085 τής
413 993 599 1085 ἀγχιστείας
621 1000 745 1086 μηδέν,
771 992 878 1072 δεῦτ’
841 1024 874 1064 τι
891 989 935 1065 ι’ὶν
951 993 1155 1113 μεταδώσειν

196 1096 407 1220 ὡμολόγουν,
424 1101 492 1168 τών
508 1096 622 1186 νόμων
641 1099 711 1218 ἐμοὶ
728 1123 864 1220 παντωγ
881 1092 994 1166 αῦτώυ
1013 1092 1155 1164 δεδωκό-

194 1227 263 1269 των
279 1196 341 1289 τήν
358 1206 594 1288 κληρονομίαν;
620 1195 743 1288 πότερα
762 1194 793 1267 δ’
812 1193 875 1266 οῦκ
892 1186 935 1284 ήν
960 1224 1015 1286 μοι
1031 1205 1155 1283 λαχεῖν,

197 1296 288 1386 είμή
305 1306 453 1388 πείσαιμι
475 1297 628 1384 τοῦτουςς
651 1294 726 1368 ἄλλ’
744 1294 879 1386 ὁνόμος
900 1325 947 1420 τςο
936 1298 1156 1387 βουλομένω

198 1405 316 1468 δίδωσι
337 1397 400 1487 τήν
423 1396 642 1487 ἐξουσίαν,”
616 1420 700 1469 ωοτε
722 1402 819 1470 τοῦτο
835 1395 898 1469 οῦκ
920 1390 964 1518 55
981 1393 1094 1476 αὐτοῖς
1112 1402 1156 1464 εί·

197 1516 283 1569 πεῖν.
320 1496 392 1568 ἀλλ’
412 1498 502 1589 εἶχόν
518 1499 593 1570 τινα
609 1528 664 1589 μοι
671 1507 863 1622 μαρτυρίαν
879 1503 940 1568 τοῦ
955 1496 1155 1587 πράγματος,

196 1627 240 1687 ην
264 1607 295 1668 ε
315 1597 360 1688 μή
375 1597 612 1721 ἐμαρτῦρρου,
640 1597 704 1670 οῦκ
733 1608 871 1688 ἔμελλον
900 1596 1156 1722 ἐπιδικάσασθαι

196 1698 340 1784 τοῦτον;
365 1696 448 1769 ἄλλα
465 1728 547 1770 κατα
535 1698 659 1787 γένος
676 1697 925 1823 ἠμφισβήτουν,
943 1696 984 1769 05
1002 1727 1085 1768 κατα
1072 1695 1156 1767 δό-

196 1821 268 1890 σιν,
292 1797 370 1870 ὥστ’
396 1797 498 1870 οῦδεν
522 1805 610 1869 ἔδει
599 1798 799 1890 μαρτύρων.
837 1796 1011 1888 ’Λλλίιμήν
1029 1806 1061 1868 εί
1076 1797 1157 1886 μήτε
1174 1808 1207 1860 κδ

195 1900 422 1972 κοινώσασθαι
445 1898 482 1971 τὸ
505 1903 639 1991 πρᾶγμα
662 1896 802 1989 ἐνήυ,”
783 1896 833 1970 οτ’
858 1907 911 1988 ἔζη
933 1900 1155 1989 Στρατοκλῆς,

195 2001 276 2090 μήτε
297 1997 315 2072 5
339 1999 446 2092 πατήρ
476 1997 566 2094 αῦτμ
555 2003 763 2071 τιατέλιπευ
787 1999 1059 2088 ἐπιδικασάμενος
1081 1996 1156 2067 τοῦ·

194 2131 262 2172 των
288 2101 411 2192 μηδέν,
438 2100 520 2192 μήτε
547 2099 633 2182 είκδς
658 2091 701 2189 55
726 2099 931 2191 μεταδώσειν
949 2098 1054 2191 ἐμὲ
1020 2128 1058 2170 το
1083 2093 1156 2188 ήμι·

196 2200 332 2291 κλήριον
349 2198 547 2289 ὁμολογήσαι
564 2200 672 2294 αὐτῷ,
692 2199 832 2273 απέδοτε
846 2200 877 2273 δ
895 2198 992 2291 ὑμεῖς
1010 2197 1156 2271 ἐπιδικά-

197 2303 314 2380 σαντές
337 2329 392 2390 μοι
415 2304 535 2371 τοῦτον
560 2300 618 2371 τὸν
644 2306 784 2391 κλήρου,
811 2309 846 2373 oc
870 2305 907 2371 δε
932 2302 1014 2392 μήτε
1040 2309 1156 2389 ἔλαχον
1271 2291 1274 2299 ’

196 2403 264 2471 τών
282 2397 397 2470 αῦτών
413 2397 489 2489 μήτ’
509 2398 755 2489 ἀμφισβητῆσαι
768 2399 893 2471 πώποτ’
913 2400 1069 2490 ἠξίωσαν,
1087 2404 1157 2482 ποῦς

196 2500 258 2590 χρή
277 2498 413 2582 πιστοῦς
431 2500 517 2572 εἶναι
533 2508 678 2590 νομίζειν
694 2499 772 2582 τοῦς
789 2501 917 2573 τούτων
934 2500 1069 2589 λόγους,
1094 2497 1157 2588 ἐγώ

197 2603 259 2690 μὲν
270 2612 379 2691 οίομαι
396 2598 567 2691 οὐδαμοῖς·
579 2619 806 2692 προσποιεῖται
816 2593 1040 2682 τοίνυνοῦτος
1058 2601 1157 2690 (ἐπει
1174 2614 1207 2665 27

199 2699 240 2789 55
257 2699 348 2772 τοῦτ’
368 2701 501 2783 εἰκότως
519 2696 562 2772 ιἰν
578 2702 793 2792 θαυμάζοιτε,
817 2700 868 2773 ὅτι
884 2706 946 2772 τοῦ
960 2698 1157 2792 ἡμικληρίου
1277 2693 1282 2724 ’

198 2801 270 2872 τότε
292 2801 354 2890 τήν
378 2810 476 2890 δίκην
498 2799 562 2873 οῦκ
585 2802 780 2893 ἐλάγχανον)
810 2808 871 2873 τοῦ
893 2804 955 2892 μὲν
977 2800 1022 2892 μή
1044 2812 1157 2891 λαχεῖν

198 2901 279 2990 πρὸς
297 2907 445 2984 ἐκείνους
467 2905 524 2993 ἐμὲ
542 2903 627 2974 εἶναι
644 2915 753 2975 αίτιον
776 2899 822 2984 ὦς
838 2900 1086 2994 ὁμολογήσαντα
1102 2930 1157 2993 με·

198 3001 378 3093 ταδώσειν,
403 3000 487 3073 ὥστε
511 3001 566 3073 διὰ
587 3001 678 3075 τοῦτ’
702 3001 744 3075 05
768 3004 1076 3095 παρακαταβάλλειν
1098 3000 1157 3073 αῦ-

197 3119 282 3191 τοῑς,
310 3107 367 3190 τῆς
392 3105 430 3172 δέ
453 3102 534 3195 πρὸς
558 3105 615 3193 ἐμὲ
639 3104 763 3194 λήξεως
789 3103 943 3195 ἐμποδών
970 3106 1056 3175 εἶναι
1081 3099 1158 3182 τοῦς

196 3203 320 3292 νόμους
339 3199 394 3292 (05
411 3201 475 3294 γὰρ
489 3203 573 3273 εἶναι
589 3221 658 3285 τοῖς
675 3203 836 3295 ὀρφανοῖς
846 3204 930 3277 κατὰ
945 3209 1013 3275 τών
1032 3201 1158 3292 ἐπιτρό-

197 3305 302 3393 πων),
328 3300 479 3394 οὐδέτερ’
503 3300 616 3392 ἆληθῆ
640 3308 755 3394 λέγων.
796 3302 962 3394 οὔτεγὰρ
988 3299 1030 3373 ἂν
1055 3301 1159 3391 νόμον
1175 3316 1209 3369 28

200 3409 337 3487 δείξειεν
361 3400 398 3486 ὃς
424 3402 545 3474 κωλύει
575 3407 696 3475 τοῦτον
720 3400 805 3494 ῦπέρ
830 3408 891 3474 τοῦ
915 3401 1033 3484 παιδὸς
1060 3409 1158 3491 δίκην

200 3502 277 3591 παρ’
311 3508 392 3595 ἐμοῦ
414 3503 610 3593 λαμβάνειν
644 3501 686 3575 05
708 3504 772 3628 γάρ
797 3509 886 3575 ἐστιν
908 3502 1203 3593 ἐναντιούμενος

200 3599 326 3692 οὐδείς,
349 3603 424 3676 ἀλλ’
450 3602 560 3696 ὥσπερ
576 3608 633 3676 καὶ
649 3635 779 3697 γραφας
803 3635 863 3678 και
868 3603 983 3696 ’ἐμοῦ
1000 3608 1156 3696 δέδωκεν,

200 3697 288 3774 οῦτα
305 3708 361 3774 καὶ
378 3713 473 3789 δίκας
499 3709 570 3797 ἐμοὶ
587 3706 673 3778 εἶναι
696 3710 753 3778 καὶ
775 3735 822 3777 τω
810 3700 940 3836 παιδὶ
953 3715 1156 3795 πεποίηκεν
