2734 4375
524 424 826 479 ΔΠΟΣΠΔΣΙΔἨΔ.
897 457 899 461 -
1087 431 1148 495 130

189 601 299 697 ’ρείαις
302 619 352 658 και
343 589 462 677 λόγων
472 598 674 693 παρασκευαῖς
680 585 776 736 ἰπλι
742 614 797 669 την
808 585 881 669 ἐμὴν
891 583 1074 694 ἔλήλυθεν,’
1058 588 1149 691 ανάγ-

197 669 1150 862 32.⁰3{.5.2‘52.5”3?15‘33³2.‘02²23‘V535‘3333m125

197 850 251 923 ἔξω
263 852 315 909 τοῦ
328 842 511 947 πράγματος.
510 845 594 924 θιαβέ
594 838 753 924 βληκεν,“
733 868 772 915 ας
786 867 824 903 αν
837 827 892 904 ούν
908 842 1064 922 θανούμεθα
1078 866 1149 924 προ-

194 927 348 1010 θυμότατα
362 924 436 1027 πρὸς
449 921 535 1030 ύμᾶς.
562 934 671 1030 Dionys.
686 930 744 988 Hal.
759 933 822 1026 Vp
838 939 891 993 698
904 931 967 990 coll.
981 939 1040 1027 600.
1061 963 1097 974 -
1112 960 1149 976 -

259 1027 302 1079 23.
330 1007 436 1074 Πόθεν
461 1005 516 1093 χρὴ
534 1009 727 1073 πιστεύεσθαι
748 1033 785 1072 τα
774 1003 941 1116 εἰρημένα
962 1003 1035 1109 πρὸς
1053 1013 1150 1087 θεῶν;
1169 1025 1183 1075 1

196 1093 252 1158 ούκ
272 1095 304 1157 ἐκ
325 1100 384 1158 τῶν
404 1099 592 1197 μαρτυριῶν;
620 1091 704 1174 οἶμαί
710 1116 761 1191 γε.
794 1088 892 1155 πόθεν
910 1092 942 1155 δὲ
958 1086 1028 1167 τούς
1032 1090 1151 1195 μύρτο-

197 1205 266 1262 ροις;
288 1175 343 1242 οὐκ
357 1180 390 1242 ε’κ
405 1184 466 1243 τῶν
479 1175 632 1281 βασόνοτνς
655 1173 734 1251 εἰκος
746 1201 788 1277 γε
810 1175 909 1239 πόθεν
924 1177 955 1238 δέ
969 1199 1005 1278 γε
1021 1171 1150 1238 οἷπιστεῖ-

189 1272 271 1325 σθαι
289 1258 358 1339 τούς
375 1261 484 1366 λόγους
504 1257 574 1337 τούς
592 1257 719 1336 τούταν;
748 1253 805 1323 ούκ
824 1261 857 1322 ἐκ
875 1264 927 1323 τού
946 1284 1070 1362 φεγγειν
1085 1253 1153 1334 τούς

197 1339 491 1455 ἕλέγχουςςάνύγκη
500 1345 620 1449 μεγάλη.
653 1348 812 1445 φαίνομαι
816 1348 919 1408 τοίνυν
938 1338 995 1425 ἒγοα
1010 1345 1065 1446 μὲγ
1084 1341 1152 1406 διό·

197 1455 259 1493 καν
273 1435 365 1494 ταῦτα
384 1433 435 1493 καὶ
458 1424 494 1492 τα
505 1427 664 1530 γτρύγματα
678 1431 719 1502 εἰς
718 1421 915 1530 βασύνονς”
896 1453 994 1509 αγαν,
1019 1414 1104 1503 οὗτος
1122 1425 1154 1488 δί

197 1515 244 1577 ἐπὶ
259 1510 398 1615 διαβολὰς
412 1511 464 1577 καλ
457 1510 582 1615 λόγους
597 1509 752 1591 καθιστάς,
768 1508 840 1614 ὅπερ
857 1508 895 1574 α”ν
910 1537 954 1586 τις
968 1518 1154 1574 πλεονεκτεῖν

196 1595 375 1697 βουλόμενος
393 1595 548 1699 ποιήσειεν.
586 1598 675 1678 ἐχρῆν
701 1590 788 1660 δὲ’
752 1593 857 1699 αυτόν,
880 1597 964 1678 ειπερ
985 1621 1014 1658 τι
1038 1597 1187 1660 6ίκαιον2

197 1680 316 1785 ἐφρόνει
332 1684 383 1744 καὶ
398 1708 438 1764 μη
430 1676 732 1782 παρακρούσασθαι
736 1674 788 1754 τας
800 1674 941 1782 ὑμετέρας
954 1677 1136 1780 γνύμαςη
1088 1676 1152 1780 ἔζη·

195 1791 255 1845 τει,
280 1791 321 1866 ρη
334 1793 375 1848 μα
363 1768 452 1829 Δία
467 1771 558 1829 ταῦτα
577 1772 692 1842 ποιεῖν,
715 1758 780 1826 ἄλλ’
797 1758 896 1826 ἐπὶ
866 1787 918 1825 τον
933 1757 1071 1864 λογισμόν
1081 1789 1153 1842 μετα

196 1848 354 1950 μαρτύριον
379 1850 479 1912 ἐλθεῖν
500 1851 552 1912 καί
575 1843 715 1926 ἐξετάζειν
738 1847 860 1912 ἕκαστα
866 1850 924 1909 τῶν
951 1846 1022 1908 ἐν
1004 1873 1044 1931 τφ
1032 1844 1152 1948 λόγρ,

195 1934 247 1995 καλ
262 1939 366 2037 τοῦτον
379 1928 552 2034 τόντρόπον
568 1956 628 2040 παρ
632 1929 730 2032 ’ἐροῦ
743 1926 989 2031 πυνθανόμενον·
1015 1909 1153 2032 εἰσφορας

195 2020 277 2099 λογίζ
276 2039 421 2101 ηποσοις;
450 2013 549 2119 [τόσας
573 2017 624 2079 καὶ
649 2012 763 2117 τόσας]
792 2039 868 2078 κατα
893 2009 985 2077 πόσον
994 2008 1153 2120 ηύργύριον

196 2103 448 2184 εἰσενηνεγμένας
466 2095 597 2204 [κατολ’
563 2110 650 2164 τοσον
666 2125 718 2162 και
709 2097 836 2185 “το’σον.]
862 2123 938 2162 κατα
951 2106 1023 2160 ποῖα
1037 2100 1152 2177 ψηφίσ-

196 2208 288 2263 ματα;
305 2185 419 2269 [ταυτί]
440 2209 547 2260 ταυτας
557 2182 801 2287 εἰληφασιτνες
815 2184 918 2285 [οῖκαί
934 2187 1026 2246 ταῦτα
1041 2207 1151 2268 μαρτυ-

197 2264 373 2366 ρήσοντες]
390 2263 607 2343 σκέψασθαι
576 2293 613 2330 τα
628 2272 822 2374 ψηφισματα,
840 2261 874 2331 τό
888 2270 1006 2345 πλῆθος
1019 2293 1079 2330 τιον
1096 2268 1151 2330 εἰσ·
1170 2278 1187 2331 3

197 2353 316 2496 φορῶν,
342 2342 379 2412 τα
397 2352 634 2453 εἰσενηνεγμένα,
658 2375 728 2425 τους
748 2346 911 2452 λαβόντας,
931 2352 983 2413 καί
1004 2354 1032 2412 εἰ
1049 2338 1152 2433 μὲν
1119 2376 1153 2414 ευ

293 2478 317 2511 .,
340 2437 382 2519 τῷ
404 2431 481 2521 λόγῳ
502 2433 672 2538 πιστεύειν,
692 2434 769 2496 εἰδὲ
789 2432 847 2514 μή,
872 2437 929 2495 νύν
926 2436 1154 2535 παρασχέσθαι

196 2459 362 2598 μάρτυρας,
383 2520 415 2579 εἰ
426 2542 454 2579 τι
461 2498 613 2596 ψευδος
594 2538 632 2598 ην
647 2543 690 2581 αν
705 2516 883 2599 ἐλογισάμην
898 2512 1008 2626 αύτοῖς.
1044 2526 1152 2599 Dionys.
1215 2546 1219 2555 “

150 2671 153 2676 ,
196 2608 255 2664 Hal
269 2608 299 2662 v
317 2626 344 2682 p.
359 2614 419 2669 εοο.
1192 2628 1197 2643 ·

272 2772 373 2823 XVIII.
408 2770 511 2823 ΠΡΟΣ
529 2770 711 2825 ΔΤΣῙΒΙΟΝ
731 2770 825 2824 ΠΕΡΙ
846 2769 1078 2822 ΕΠΙΚΔΗΡΟΤ.

260 2881 302 2933 24.
335 2872 464 2931 Τοιαῦτα
474 2855 623 2949 μέντοι
587 2891 669 2931 ουτοι
680 2867 729 2930 ἐπὶ
738 2892 780 2954 τφ
767 2869 933 2931 τεθνεατι
944 2872 1153 2931 σκευοτιοιοῦν-

197 2974 251 3027 τες
285 2948 511 3053 ΡοΙΙακΧ316

259 3048 302 3102 25
329 3029 504 3138 Ηγούμεθα
526 3061 583 3119 γαρ
602 3035 701 3135 ἐκείνη
720 3029 830 3115 μὲν
801 3060 852 3099 τον
879 3032 1026 3137 ἰγγικοὶτα
1036 3036 1153 3135 γένους

197 3120 260 3180 δεῖν
274 3127 439 3195 συνοικεῖν,
460 3145 495 3182 τα
484 3114 545 3183 δὲ
561 3113 694 3199 χρήματα
708 3120 778 3194 τὲας
794 3120 848 3221 μὲν
868 3124 922 3199 τῆς
939 3114 1098 3199 ἰπικληρου
1111 3113 1185 3179 εἰ-.

196 3227 262 3280 ναι,
284 3198 402 3264 ἰιτειὸαν
421 3204 453 3267 δὲ
473 3206 577 3276 παιδες
591 3203 638 3265 ἰπὶ
656 3206 745 3279 δίετες
759 3198 927 3283 ἡβήσασιν,
950 3204 1081 3276 ἐκείνους
1099 3192 1152 3262 αύ-

196 3290 256 3348 τοῖν
271 3311 397 3363 κρατειν.
427 3294 501 3351 Suid.
516 3311 540 3347 v
555 3286 625 3361 τέως
641 3289 679 3368 (11.
695 3300 720 3351 2.
738 3311 765 3367 ρ.
781 3300 840 3352 104.
858 3294 966 3366 Bernh)
981 3291 1043 3349 coll
1059 3291 1153 3348 eodem

198 3376 315 3433 Suidav
329 3365 493 3450 ηβησοιντες
509 3373 537 3449 (Ι.
552 3383 569 3435 2
583 3394 610 3451 ρ
624 3384 676 3437 802
687 3376 748 3450 sq..)

457 3526 532 3577 XIX.
567 3524 668 3577 ΠΡΟΣ
692 3523 893 3578 ΟΡΓΕΩΝΔΣ.

263 3630 304 3686 26
339 3617 412 3703 μήτε
428 3626 601 3685 παλίνσκιον
615 3624 771 3704 γίγνεσθαι
788 3645 822 3684 το
812 3616 954 3750 χωρίον.
983 3626 1111 3766 Ηεοροοτ.
1126 3643 1150 3684 τ.

198 3723 242 3764 πα
242 3703 370 3768 λίνσταν
385 3713 423 3789 (ρ
441 3720 499 3776 143.
515 3712 618 3787 Bon.)
