2734 4375
472 375 680 429 ιιιυιινιο
697 375 855 430 osmer.
1030 337 1142 439 mix

189 542 335 626 μάρτυρας
347 543 515 643 παρέξομαι.
546 545 783 604 ΜΑΡΤΥΡΕΣ.
797 566 849 623 ego
863 550 896 605 de
910 565 969 605 mea
986 551 1143 607 coniectura

190 634 378 692 emendandum
397 633 498 689 censui.
520 618 613 687 αυτοῦ
633 618 706 704 ὑμῖν
727 619 766 698 ὡς
787 631 837 704 (sic
853 634 935 689 etiam
956 633 1143 690 osmundum

189 713 348 791 Dobsonum)
375 713 526 790 προσῆλθε
555 711 715 789 μαρτυρίας
745 713 795 810 (sip
818 716 899 805 etiam
908 716 946 814 P)
964 712 1142 812 παρέχομαι.

187 797 359 875 Μαρτυρίαι
379 800 499 872 optimus
522 797 581 853 cod.
596 799 627 852 A.
641 798 743 854 Contra
754 785 847 852 αιἰτοῦ
864 786 963 879 υμῖν
951 818 974 854 ω
964 781 1144 877 προσῆλθε

185 880 349 959 μαρτυρίαν
357 875 536 982 παρὲχρμαι.
560 879 784 936 MAPTYPIA.
808 881 944 938 Bekkerus
960 902 1020 941 cum
1038 884 1143 941 Aldine.

184 968 302 1039 benique
330 956 429 1021 αὐτῶν
451 950 524 1038 υμῖν
548 952 594 1030 οἷς
614 961 767 1036 προσῆλθε
788 961 948 1040 μαρτυρίας
972 961 1142 1043 παρέχομαι.

184 1048 424 1118 ΜΑΡΤΥΡΙΑΙ
445 1065 460 1104 e
481 1048 660 1105 Schoemanni
686 1049 820 1105 sententia
842 1048 974 1105 dedemnt
996 1052 1073 1107 Τυιτ.
1107 1052 1144 1107 be

184 1142 245 1189 toto
261 1133 324 1188 loco
341 1132 480 1225 disserui
472 1149 500 1187 m
515 1131 660 1187 Comment.
682 1132 743 1188 crit.
757 1150 785 1206 p.
801 1137 818 1193 7
835 1149 876 1206 sq.
892 1124 905 1211 ΙΙ
921 1128 945 1207 S
960 1127 1009 1189 28.
1025 1151 1085 1188 τυν
1099 1128 1142 1189 δι-

185 1206 355 1291 δασκάλων]
384 1202 437 1289 cip
462 1213 522 1272 τῶν
551 1206 739 1272 διδασκαλων
758 1216 893 1273 Reiskius.
916 1216 946 1270 V.
968 1215 1091 1272 Schoem
1111 1218 1145 1282 ad

184 1303 212 1357 h
229 1301 248 1357 l.
262 1293 276 1376 ΙΙ
292 1297 527 1355 MAPTYPIAI
538 1300 648 1356 titulum
662 1299 772 1356 Reiskio
788 1309 899 1357 auctore
915 1318 975 1357 cum
990 1300 1068 1355 Τιιιι.
1084 1299 1145 1355 dedi

183 1400 236 1458 pro
252 1378 428 1458 Μαρτυρία,
445 1383 519 1457 quod
532 1381 664 1447 habetA‚
688 1391 752 1439 cett.
769 1402 822 1442 om.
843 1375 856 1462 ΙΙ
877 1372 1047 1457 ἕφυτευσεο
1067 1382 1145 1439 codd.

186 1468 334 1525 omnibus
326 1483 387 1540 ipso
402 1465 523 1524 Bekbero
539 1466 578 1539 (in
594 1466 664 1539 add.)
679 1466 791 1525 iubente
804 1469 914 1525 restitui
929 1485 980 1542 pro
996 1457 1120 1563 ἔφυτευε
1135 1458 1145 1545 Ι

185 1546 274 1625 329.
290 1545 483 1626 μαρτυρουσι]
501 1551 589 1606 Malim
596 1541 840 1646 μαρτυρήσουσι,
864 1553 935 1610 sicut
953 1554 971 1624 S
986 1560 1028 1613 30
1043 1537 1090 1631 ΙΙ
1072 1550 1145 1624 υμῖν

187 1632 306 1709 Sauppio
322 1641 433 1690 auctore
444 1635 506 1691 dedi
520 1651 571 1708 pro
586 1621 668 1707 ἡμῖν,
686 1635 759 1707 quod
775 1652 868 1692 omnes
885 1635 927 1691 ed
943 1644 1045 1692 tenent.
1063 1637 1086 1690 A
1100 1652 1143 1709 pr.

186 1717 331 1811 secundum
345 1716 502 1775 Dobsonum
516 1717 598 1774 habet
615 1711 666 1791 καί
680 1709 767 1791 ἡμῶν
783 1712 798 1797 ΙΙ
812 1714 835 1795 S
853 1714 903 1776 30.
918 1709 1057 1794 θιάσους]
1073 1720 1144 1775 θια-

184 1792 277 1869 σώτας
292 1801 387 1857 maluit
409 1801 554 1875 Sauppius.
569 1778 659 1873 Atque
674 1802 851 1875 Harpocratio
870 1802 977 1875 quidem
996 1820 1023 1875 p
1046 1809 1081 1863 98
1096 1803 1142 1860 Bt.

183 1901 276 1941 vocem
303 1880 409 1951 θίασος
432 1884 568 1958 explicans
595 1900 651 1939 ιιοιι
675 1892 869 1941 commemorat
893 1886 963 1942 hanc
983 1886 1144 1949 orationem,

183 1975 377 2025 commemorat
396 1985 461 2025 vero
482 1967 591 2024 eandem
612 1986 636 2021 v.
658 1975 691 2028 15
710 1968 744 2025 de
758 1985 816 2025 voc.
831 1965 979 2025 θιασῶται
973 1985 1143 2063 exponens.

184 2044 223 2131 ΙΙὲ
223 2053 323 2107 κεῖνον
333 2051 470 2109 Bekkorus
481 2060 509 2108 et
520 2052 597 2109 Turi.
610 2068 642 2108 ex
654 2052 713 2109 Ald
734 2051 808 2110 Libri
821 2038 982 2107 ἐκεῖνον’
946 2069 1048 2125 αυτον,
1060 2068 1144 2126 quare

182 2135 384 2194 Schoemonnus
397 2135 514 2194 coniecit
527 2127 642 2192 ἐκεῖνον
655 2130 707 2192 καὶ
720 2122 826 2200 αυτὸν,
846 2137 919 2212 quod
929 2136 1053 2234 probo:‚
1056 2136 1143 2201 ‚illum

183 2227 211 2276 et
222 2237 327 2293 ipsum
344 2220 567 2301 quemadmodum
587 2238 629 2278 me
646 2229 775 2296 quoque‘
776 2215 813 2301 ΙΙ
827 2217 851 2298 §
867 2217 917 2279 32.
933 2218 994 2277 cciv
1003 2210 1142 2294 Ἀστυφί-

181 2302 236 2358 λου
251 2320 267 2357 e
283 2302 396 2359 bekkeri
414 2304 570 2360 coniectura
587 2304 649 2361 dedi
662 2322 724 2362 cum
742 2307 828 2361 Τιιιι..
836 2303 900 2362 coll.
916 2321 956 2361 οι.
970 2306 1021 2378 AS
1039 2311 1065 2365 7.
1082 2301 1143 2360 τόν

178 2373 346 2462 'Acceptior
360 2386 383 2439 A
399 2386 546 2442 secundum
563 2386 643 2442 bobs.
659 2388 728 2444 Cctt
746 2385 790 2465 coi
805 2375 929 2460 Ἀστυφί
927 2387 969 2444 λυ
988 2381 1003 2468 ΙΙ
1023 2401 1143 2462 προστι-

181 2462 288 2534 θέντες
317 2485 332 2523 e
363 2466 478 2524 Dobraei
501 2469 657 2525 coniectura
691 2473 806 2528 correxi.
832 2472 906 2528 Libri
930 2445 1143 2544 παρατιθέντες

181 2551 235 2626 (.ed
254 2569 325 2608 omn.
326 2543 365 2630 ΙΙΙ
380 2546 403 2627 §
419 2547 469 2609 33.
487 2541 594 2626 νόμον]
611 2552 720 2626 Aliquid
741 2555 872 2610 excidisse
886 2555 983 2612 statuit
995 2553 1143 2610 bobraeus.

181 2636 212 2690 V.
183 2636 349 2791 Sepoem.
372 2627 455 2776 ΙΙ
406 2628 493 2710 Λαβε
513 2629 565 2690 καί
585 2652 618 2691 ex
635 2637 658 2691 A
673 2637 798 2693 restitui:
815 2631 902 2730 Λαβὲ
916 2653 966 2732 μοι
986 2630 1038 2691 καὶ
1052 2639 1072 2692 B
1085 2636 1143 2710 (ok.

183 2711 455 2794 ΤυιαΙιδΛαβέ
475 2735 525 2793 μοι
548 2711 599 2783 καὶ
621 2710 707 2815 Lssss
727 2714 778 2777 34.
799 2701 940 2775 αὐτοὶ
901 2736 1012 2777 ουτοιο
1029 2720 1142 2778 bobraci
1183 2793 1186 2798 ,

181 2805 337 2860 coniectura
364 2805 470 2878 scripsi.
497 2803 571 2860 Libri
593 2789 679 2858 αυτοὶ
701 2800 786 2859 τοῦτο
806 2802 858 2877 (.ed
806 2802 969 2899 (omn.)
983 2801 998 2884 ΙΙ
1012 2795 1142 2899 εἰσποιή-

182 2897 245 2941 osce
265 2885 415 2961 Sauppius
455 2886 530 2943 Libri
555 2879 766 2960 εἰσποιήσησθε
793 2880 807 2967 ΙΙ
832 2873 897 2944 ουδ’
930 2907 970 2944 αν
996 2875 1084 2957 αυτὸς
1110 2906 1143 2946 ex

181 2968 299 3045 Emperii
317 2972 473 3028 coniectura
492 2969 571 3027 edidi.
591 2963 702 3028 Libri
681 2990 721 3026 αν
741 2988 794 3028 om.
816 2971 881 3044 (om.
900 2972 941 3028 ed
957 2972 1049 3068 ουιιιΙ.
1064 2973 1143 3033 Gom·

181 3061 264 3110 ment.
287 3051 386 3127 critp
389 3060 453 3112 ..17
447 3046 481 3148 ΙΙ
496 3048 520 3131 S
534 3049 584 3111 35.
600 3045 722 3110 κάλλιον
741 3072 794 3134 ego
807 3057 840 3112 de
853 3073 914 3112 meo
929 3058 1044 3114 correxi
1068 3056 1142 3112 Libri

180 3123 292 3209 μᾶλλον
307 3128 321 3214 ΙΙ
335 3131 359 3212 8
373 3133 423 3194 36.
443 3125 584 3214 απαντες]
605 3155 723 3208 παντως
740 3139 885 3196 bobr-aeus
899 3133 914 3218 ΙΙ
929 3127 994 3213 ἱερὰ
1010 3158 1048 3196 τα
1037 3127 1142 3194 ἐτεί-

180 3237 238 3277 νου
251 3220 377 3315 Sauppio
396 3227 507 3276 auctore
518 3222 590 3279 dodi
604 3222 635 3278 V.
650 3223 684 3279 ad
698 3225 717 3296 8
732 3232 774 3283 lo.
789 3222 864 3280 Libri
877 3231 928 3280 art
944 3241 997 3280 om.
1016 3223 1081 3294 (om
1099 3220 1142 3276 ed

182 3286 265 3399 omri.)
287 3298 314 3400 ΙΙ
317 3293 461 3396 πρότερον
473 3288 626 3361 turoam
646 3292 681 3408 τΙ]
698 3307 728 3362 tn
742 3306 891 3364 Commem.
907 3308 967 3364 crit.
982 3324 1009 3379 p.
1024 3310 1061 3362 12
1076 3318 1142 3359 σοι·

182 3387 234 3444 ieci
256 3380 399 3464 πρότερον
419 3404 460 3441 αν
482 3371 683 3485 ιἰπέθανονη.
710 3389 773 3447 Sed.
800 3406 824 3446 v.
843 3387 1087 3448 bauchensteinius
1108 3386 1141 3444 cd

180 3470 277 3545 Lysiae
295 3489 334 3528 or.
353 3477 388 3532 12
402 3472 421 3545 S
437 3476 479 3533 17
497 3469 572 3526 Libri
585 3463 730 3551 πρότερον
743 3491 764 3547 η
750 3459 916 3530 ιἰπίθανε
935 3465 949 3549 ΙΙ
970 3464 1060 3565 537.
1075 3465 1142 3527 τοῦ-

180 3570 233 3609 τον
258 3554 446 3613 Zsecuudum
473 3553 629 3649 bobsopom
654 3567 682 3616 et
700 3557 760 3614 Aid
783 3556 883 3630 (rurr.)
872 3555 973 3629 ).Cett
998 3567 1104 3612 τουτου
1123 3547 1137 3633 ΙΙ

180 3623 251 3695 υίον
264 3619 302 3695 ου
322 3638 468 3715 Siuppius.
485 3625 585 3694 υίον“
569 3654 601 3706 ος
614 3639 687 3698 libri.

592 3767 712 3781 Μ
