2734 4375
332 774 675 864 rnnnrn'rro
711 720 975 857 carrion.

589 963 725 974 ο*-

264 1095 341 1146 Anno
360 1089 501 1163 superiore
522 1088 593 1145 edidi
606 1086 866 1146 Commentationem
881 1088 1002 1145 criticam
1017 1090 1050 1147 de
1068 1092 1135 1151 lsaei

181 1174 349 1232 orationibus
370 1173 564 1248 programmati
578 1173 711 1245 gymnasii
727 1172 918 1229 Vitzthumiani
936 1175 1009 1246 quod
1022 1175 1137 1233 llresdae

179 1267 222 1316 est
239 1260 381 1320 insertam,
403 1257 431 1313 ln
448 1274 502 1330 qua
517 1273 577 1313 cum
596 1256 768 1329 quaestiones
782 1257 910 1330 quasdam
925 1258 1003 1331 attigi
1019 1276 1087 1332 quae
1103 1260 1137 1318 ad

178 1343 330 1399 universam
343 1342 514 1417 pertinerent
528 1348 614 1396 artem
627 1340 748 1396 criticam
762 1341 790 1396 in
801 1342 854 1397 hoc
868 1350 978 1398 oratore
993 1351 1066 1400 recte
1080 1344 1136 1401 iac·

178 1427 315 1488 mandam,
332 1436 389 1482 tum
403 1425 565 1499 pertractari
584 1423 751 1480 difficiliores
771 1423 877 1497 aliquot
891 1424 967 1483 locos
982 1435 1010 1482 et
1022 1445 1136 1503 corrup·

178 1518 223 1565 tos
247 1511 355 1583 quidem
375 1527 427 1583 pro
446 1508 517 1564 virili
534 1516 611 1581 parte
633 1524 743 1581 operam
764 1508 825 1564 dedi
842 1516 874 1564 ut
897 1526 1027 1567 sanarem.
1062 1510 1130 1578 Quo.

178 1596 249 1650 niam
263 1602 353 1650 antem
364 1594 543 1667 scriptionum
554 1591 776 1649 scholasticarum
788 1600 885 1648 natura
899 1594 953 1649 lert
961 1603 990 1650 et
1002 1596 1134 1653 condicio.

176 1680 250 1734 utin
268 1694 417 1751 paucorum
433 1694 528 1732 manus
545 1676 666 1737 ueniant,
686 1693 718 1732 ea
732 1692 801 1748 quae
815 1676 849 1731 alr
863 1676 941 1733 initio
958 1677 1031 1733 illius
1049 1678 1135 1735 libelli

177 1763 325 1835 disputavi,
344 1778 410 1844 pum
428 1761 456 1816 in
470 1761 530 1834 ipsa
542 1760 609 1815 lsaei
624 1759 743 1816 editione
759 1758 849 1816 locum
862 1759 962 1816 habere
980 1761 1136 1818 viderentur

178 1863 257 1919 qnam
272 1846 384 1902 maxime
397 1846 538 1905 idoneum,
555 1852 679 1916 repetere
692 1844 840 1906 constitui,
858 1844 896 1900 ita
909 1853 1012 1907 tamen
1030 1853 1061 1900 ut
1074 1862 1137 1918 par·

176 1931 226 1984 tim
255 1946 382 2003 augerem
409 1945 441 1985 ea
460 1936 489 1985 et
515 1927 721 2004 amplificarem,
750 1928 850 2001 partim
874 1938 1005 1985 innurem
1027 1937 1055 1985 et
1075 1945 1141 1985 cor··

176 2030 302 2087 rigerem.

581 2123 733 2135 ..n—on..-

261 2247 361 2304 Causae
382 2248 561 2310 hereditariae
581 2266 642 2305 cum
663 2257 760 2307 natura
782 2268 831 2307 sua
853 2266 934 2324 saepe
955 2259 1010 2308 tam
1024 2249 1141 2324 compli-

176 2339 253 2389 catae
270 2331 325 2387 sint
341 2338 368 2389 et
384 2332 542 2393 intricatae,
563 2340 595 2386 ut
608 2349 654 2387 eas
673 2333 797 2389 evolvere
812 2341 840 2390 et
853 2334 979 2406 expedire
993 2335 1140 2391 admodum

175 2415 285 2472 ditlicile
299 2433 359 2473 esse
374 2415 510 2478 rideatur,
524 2414 623 2470 mirum
640 2431 697 2470 non
712 2417 842 2487 estquod
860 2417 889 2470 in
904 2416 973 2472 lsaei
989 2417 1136 2480 orationes,
1157 2460 1169 2487 ,

176 2517 191 2555 e
205 2499 303 2572 quihus
318 2500 464 2574 pleraeque
478 2515 581 2561 omnes,
597 2515 666 2572 quae
678 2499 785 2572 quidem
796 2494 953 2572 integrae*)
969 2499 1001 2555 ad
1015 2507 1144 2576 nostram.

242 2661 272 2728 *l
293 2665 400 2717 Orationi
423 2666 562 2715 undecimae
584 2680 643 2728 quae
666 2671 702 2714 est
723 2665 753 2714 de
774 2665 879 2726 llsqniae
900 2663 1030 2715 hereditate
1047 2665 1136 2730 aliquid

176 2731 260 2780 deesse
278 2739 300 2780 ot
317 2749 344 2782 ex
362 2749 390 2782 eo
407 2741 503 2797 apparet
520 2732 594 2796 quod,
613 2747 666 2782 cnm
683 2733 819 2796 promiserit
830 2740 896 2782 actor
907 2747 934 2781 se
945 2733 975 2780 de
987 2733 1136 2783 facultatibus

177 2810 237 2859 quae
254 2797 283 2845 ab
302 2799 443 2850 adversariis
461 2801 566 2849 celentur
578 2799 689 2863 deinceps
701 2799 817 2849 dicturum
836 2796 864 2862 (3
881 2807 914 2848 ts.
933 2789 999 2847 ἀλλ’
1016 2787 1141 2860 ὕστερον·

176 2857 316 2924 περὶτῶν
332 2859 613 2930 noqontrmoplvcoo'
629 2857 689 2916 ὑπὸ
705 2857 813 2916 τούτων
834 2858 989 2930 ποιήσομαι
1006 2858 1072 2923 τοὺς
1089 2856 1138 2915 1όέ

177 2927 271 2993 poue),
294 2931 355 2980 nilail
372 2934 418 2983 tale
434 2935 459 2983 in
476 2935 529 2997 ipsa
553 2935 659 2984 oratione
676 2941 884 2984 commemoratum
900 2936 1015 2997 reperitur
1033 2941 1056 2982 et
1072 2932 1140 2996 qaod·

177 2999 254 3047 omnis
271 2998 417 3047 desideratur
433 3003 558 3062 peroratio.
593 3002 670 3066 Qunre
687 3001 750 3065 quod
773 3003 910 3051 auctoritate
927 3002 1036 3051 ecdiciam
1053 3012 1141 3064 quam-

176 3066 212 3114 vis
236 3067 376 3129 optimorum
398 3065 434 3113 to
457 3067 529 3115 iretus
551 3070 663 3119 omiserat
683 3067 751 3117 Imm.
769 3069 889 3118 Bellienus
911 3076 1011 3117 extrema
1028 3067 1137 3115 oratioue

177 3131 357 3181 additamentum
378 3126 529 3190 numm,
552 3135 714 3186 detruncatam
735 3135 794 3184 illud
816 3135 909 3198 quidem
932 3136 1059 3193 designans
1081 3142 1136 3179 ora·¹

177 3200 276 3256 tionem,
297 3206 363 3249 recte
381 3205 416 3247 est
433 3213 446 3245 a
464 3199 555 3249 criticis
571 3202 740 3253 ludconsibus
761 3210 904 3252 revocatum.
939 3202 1003 3257 Quae
1013 3205 1090 3246 auten
1107 3211 1136 3248 ex

176 3273 243 3329 parte
264 3273 359 3316 tantam.
375 3272 468 3315 serrata
490 3272 526 3313 est
542 3281 556 3315 a
572 3270 685 3333 lliorpsio
707 3269 759 3319 llal.
784 3266 826 3331 (de
847 3269 981 3319 oratoribus
1002 3271 1047 3315 ret
1065 3265 1090 3315 V.
1108 3278 1140 3330 pa

177 3340 215 3382 ott
237 3348 288 3397 sqq.
313 3341 338 3383 et
358 3341 419 3383 orat.
442 3334 526 3384 Graec
549 3332 596 3384 vlt
613 3352 638 3399 p.
657 3345 694 3385 351
712 3350 763 3402 sqq
781 3334 872 3395 Reisli.)
891 3334 966 3383 oratio
983 3332 1136 3398 duodecimae

177 3401 272 3450 nomine
289 3401 489 3463 hodieinsignitu
508 3405 531 3447 et
548 3402 632 3450 ceteris
649 3404 740 3453 adiecta
757 3401 904 3453 orationibus
920 3400 1024 3461 integris,
1043 3415 1070 3450 ea
1087 3396 1135 3450 nott'

177 3468 277 3529 pertinet
289 3467 318 3516 ad
329 3468 383 3516 lites
394 3467 563 3523 hereditarias,
582 3466 624 3516 sed
637 3466 774 3520 adcausator
787 3466 907 3531 Euphileti
923 3466 948 3516 iu
962 3463 1139 3532 domarim

179 3535 308 3597 epagati·
325 3535 403 3584 decu.
603 3560 606 3567 e
