2734 4375
231 410 272 476 32
552 482 554 487 ¹
648 401 779 455 maor
1093 407 1147 463 02,
1162 394 1202 463 η·

196 593 213 647 ³
229 571 446 665 νοιναννοε
481 563 750 693 ἆινισλιτγνσηε
768 573 805 642 δὲ
822 574 878 693 τήν
895 570 1017 693 μητοὸε
1034 579 1095 691 τῇς
1112 573 1191 668 ἡμε-

229 679 341 764 τέρας,
365 670 512 793 ἀδελφῆς
536 673 573 742 δὲ
594 701 655 742 του
644 670 827 761 Πύρρου,
848 667 866 741 6
889 670 1001 761 κύριος
1023 678 1083 760 τῆς
1101 685 1191 767 εἰλη-

229 782 325 866 χυίας
342 777 402 844 τοῦ
423 772 547 893 κλήρου
568 769 748 861 γυναικός
748 770 902 862 ἐτόλμησε
924 779 1190 864 διαμαρτυρῆσαι

230 904 274 964 μη
264 871 500 945 ἐπίδικον
457 902 498 964 τη
515 868 656 995 ἡμετέρᾳ
672 870 822 962 μητρὶ
787 901 847 943 τον
861 901 922 943 τον
911 868 1086 994 ἀδελροῦ
1106 881 1186 964 κλῆ-

230 1004 290 1096 ρον
315 974 420 1070 εἶναι,
442 970 487 1055 ἀς
508 972 609 1062 ου”σης
630 983 769 1061 γνησίας
790 970 958 1063 θυγατρὸς
979 970 1119 1068 Πόρρρ,
1142 1004 1184 1046 ov

230 1065 274 1164 ήν
292 1069 361 1159 έξ’
342 1079 443 1166 αρχῆς
465 1070 483 1144 6
501 1077 628 1195 κλήρος.
672 1070 930 1161 έαισκηγάμενοι
948 1069 1021 1142 δὲ
1003 1090 1113 1163 ημείς,
1130 1080 1184 1145 καὶ

233 1171 316 1258 είς
296 1179 381 1298 ρμάς
399 1173 627 1264 εἰσαγαγόντες
639 1171 698 1244 τόν
711 1176 973 1263 διαμαρτυρῆσαι
983 1173 1189 1264 τολμήσαντα

197 1275 312 1351 4κατά
335 1306 453 1364 ταυτα,
483 1273 611 1344 ἐκεῖνόν
632 1302 668 1343 τε
692 1276 915 1361 ἐξελέγξαντες
937 1299 1131 1364 κεριφανας
1152 1275 1191 1346 τὰ

231 1381 342 1465 ψευδῆ
362 1372 632 1465 μεμαρτυρηκότα
655 1371 717 1462 τήν
739 1377 807 1443 τῶν
823 1379 1125 1467 ψευδομαρτυριῶν
1143 1384 1191 1447 δι’·

231 1507 295 1566 κην
313 1482 444 1562 εἵλομεν
461 1471 541 1564 παρ’
566 1470 665 1564 ὑμῖν,
689 1476 744 1544 καὶ
767 1475 900 1544 τουτονὶ
917 1473 1114 1565 Νικόδημον
1131 1503 1190 1547 τια-

231 1580 381 1695 ραχρήμα
405 1579 619 1694 ἐξηλέγξαμεν
638 1579 674 1645 έν
691 1591 760 1654 τοῖς
778 1570 892 1656 αὐτοῖς
910 1580 1082 1656 δικασταῖς
1098 1574 1191 1647 ἀναι-

231 1674 451 1764 σχυντότατον
468 1681 510 1767 τῇ
520 1684 686 1767 μαρτυρία
698 1672 779 1745 ὄντα
790 1673 907 1765 ταάτη,
925 1671 961 1756 ὅς
976 1702 1017 1764 γε
1034 1675 1192 1765 ἐτόλμησε

230 1781 436 1904 μαρτυρήσαι
455 1782 611 1867 ἐγγυῆσαι
629 1781 777 1872 κριθείην
795 1804 841 1869 τῳ
829 1771 1057 1898 ήμετέρρ
1019 1803 1081 1864 την
1092 1772 1190 1846 ἀδελ-

197 1906 213 1957 5
231 1875 300 1967 φήν
311 1876 372 1966 τήν
392 1883 514 1950 ἑαυτοῦ
529 1896 673 1968 γυναῖκα
690 1878 776 1947 εἶναι
793 1873 876 1947 κατά
892 1873 969 1958 τούς
985 1872 1112 1965 νόμους.
1137 1874 1188 1947 ὅτι

232 1969 361 2068 μὲν
319 2009 382 2050 ονν
399 1984 455 2050 καὶ
473 1985 509 2050 έν
525 2008 565 2069 τη
554 1981 738 2100 προτέρᾳ
752 1972 866 2066 δίκη
846 2006 868 2065 η
884 1975 1004 2051 τούτου
1026 1985 1189 2066 μαρτυρία

233 2078 360 2167 ψευδής
378 2078 539 2162 έδοξεν
508 2105 610 2165 ειναι,
628 2073 646 2147 6
662 2074 738 2147 τόδ’
759 2074 912 2158 ἑαλωκός
928 2075 1052 2168 μάρτυς
1068 2079 1188 2165 σαφέσ-

232 2207 312 2247 τατα
323 2182 442 2249 τοῦτον
455 2181 620 2269 ἐξελέγχει.
636 2187 667 2248 εί
676 2175 740 2269 γάρ
750 2175 794 2268 μή
806 2177 916 2249 ἐδόκει
926 2168 1022 2259 οὗτος
1031 2175 1071 2249 τά
1081 2182 1191 2267 ψευδῆ

232 2276 305 2347 τότε
321 2282 543 2369 μαρτυρήσαι,
564 2283 666 2366 δήλου
676 2275 733 2348 Ὶότι
751 2278 876 2361 ἐκεῖνός
892 2276 923 2350 τ’
942 2274 985 2350 ἀν
1007 2275 1192 2368 ἀποφυγών

231 2374 293 2466 τήν
318 2385 558 2469 διαμαρτυρίαν
580 2375 727 2468 ἀπῆλθε,
757 2383 813 2450 καὶ
837 2379 1037 2471 κληρονόμος
1058 2374 1102 2451 ἀν
1124 2383 1192 2451 τῶν

132 2481 136 2488 ’
231 2483 292 2551 τοῦ
308 2488 406 2551 δείου
423 2475 444 2568 6
464 2487 769 2573 διαμαρτυρηθεῑσα
785 2489 905 2570 γνησία
921 2478 1075 2570 θυγάτηρ
1093 2480 1191 2568 εἶναι,

198 2578 306 2651 6άλλ’
330 2577 392 2652 οὐκ
414 2577 456 2652 ἀν
478 2578 499 2672 6
523 2578 663 2673 ήμετέρα
687 2585 825 2668 κατέστη
847 2579 962 2669 μήτηρ.
998 2576 1137 2662 ἁλόντος
1155 2583 1193 2650 δὲ

232 2687 295 2753 τοῦ
316 2682 481 2774 μάρτυρος
505 2686 560 2753 καὶ
578 2681 765 2770 ἀποστάσης
781 2683 843 2749 τοῦ
859 2677 983 2767 κλήρου
1008 2685 1068 2768 τῆς
1093 2678 1191 2772 ἀμφι-

234 2782 420 2868 σβηταύσης
441 2792 581 2870 γνησίας
602 2779 772 2870 θυγατρός.
787 2777 915 2869 Πύρρῳ
940 2776 1043 2867 εἶναι,
1068 2781 1192 2872 μεγάλη

233 2876 360 2965 ἀνάγκη
383 2876 450 2967 άμα
472 2883 528 2949 καὶ
550 2879 613 3001 τήν
634 2880 757 2951 τούτου
785 2879 971 2967 μαρτυρίαν
995 2881 1192 2953 ἑαλωκέναι·

233 2976 370 3064 περὶ
331 3007 395 3068 γαρ
419 2976 524 3049 αὐτοῦ
548 2979 670 3050 τούτου
698 2975 717 3049 6
741 2976 1007 3108 διαμαρτυρήσας
1035 2980 1098 3071 τήν
1124 2988 1194 3053 τοῖν

233 3083 531 3169 ψευδομαρτυρίαν
550 3076 678 3170 δίκην’
658 3088 767 3169 ηγωνί
765 3088 849 3166 ζετο,
868 3078 1007 3171 κότερον
1024 3086 1057 3165 έξ
1075 3086 1190 3170 έγγνη-

216 3184 291 3270 ἴτής
318 3174 339 3268 6
370 3182 448 3262 έξ
432 3188 563 3271 εταίρας
589 3177 611 3271 6
641 3178 893 3302 ἀμιρισβητοῦσα
915 3210 975 3251 του
999 3181 1190 3273 κλήρουτῶ

232 3290 317 3375 θεία
346 3278 502 3370 γυναικός
535 3292 594 3371 είη
640 3280 814 3403 γνάσεσιῖλε
844 3278 876 3351 δ’
906 3279 1103 3360 ἀκούσαντες
1132 3251 1190 3351 κάλ

233 3378 329 3473 ὑμεῖς
345 3386 404 3471 τής
420 3409 456 3453 τε
472 3379 678 3472 ἀντωμοσίας
695 3386 753 3470 τῆς
766 3378 924 3475 ἡμετέρας
937 3385 1043 3454 καὶ”
1003 3409 1058 3472 της
1068 3379 1191 3451 τούτου

232 3492 415 3574 μαρτυρίας
438 3486 493 3553 καὶ
522 3488 579 3571 τής
607 3480 750 3572 ἀλούσης
780 3490 1025 3576 διαμαρτυρίας.
1062 3477 1191 3572 Ἀναγί-

201 3602 216 3651 7
234 3606 362 3670 γνωσκε
379 3581 493 3672 λαβάν
508 3587 606 3656 τασδὶ
624 3582 748 3666 αὐτοῖς.

226 3733 228 3737 -
341 3712 566 3786 ammom.
600 3715 798 3767 mmm.
832 3712 1091 3766 mmmm
