2734 4375
202 440 318 499 ,xnvltr
490 422 699 474 PRAEFATIO
717 423 870 475 GRITICA.

208 617 265 656 sam
280 615 336 654 rem
353 597 494 652 curaverit.
510 595 581 649 ldem
595 595 635 648 vir
648 594 744 649 doctus
759 594 919 670 Calydonem
938 605 1050 653 nostrae
1064 601 1166 656 oratio-

207 686 250 739 nis
273 698 329 738 non
349 680 483 736 diversum
506 694 565 734 esse
585 677 687 734 iudicat
708 677 802 740 abeo,
823 681 951 736 adversus
968 697 1048 753 quem
1063 685 1165 739 oratio·

207 784 269 822 nem
282 751 357 839 πρός
372 757 537 818 Καλυδῶνα
555 753 868 834 ἐπιτροπῆςεοοίρεενίῑ
881 764 987 820 lsaeus:
1007 765 1034 819 in
1049 772 1164 842 utraque

193 850 297 907 'autem
311 863 391 904 causa
405 845 593 919 Hagnotheum
608 844 693 900 luisse
709 843 850 918 Calydonis
865 847 1052 910 adversarium,
1068 864 1163 920 quam·

206 935 246 989 vis
266 933 355 1006 primo
383 931 490 1003 quidem
514 935 625 1001 aspectu
649 944 736 1002 prope
760 931 934 988 temerarium
959 947 1017 988 esse
1043 931 1164 987 videatur

206 1024 330 1075 statuere
351 1014 456 1070 Isaeum
475 1013 556 1068 modo
580 1012 623 1067 his
643 1013 724 1072 modo
745 1011 799 1068 illis
819 1015 943 1086 partibus
961 1030 1069 1088 operam
1087 1031 1162 1070 suam

208 1100 345 1157 tribuisse.
367 1095 447 1164 Quod
465 1104 554 1152 tamen
568 1096 656 1150 minus
670 1096 769 1151 mirum
783 1095 843 1152 lore
855 1098 915 1170 ipsa
929 1099 1071 1171 fragmenti
1084 1098 1163 1154 verba

208 1182 370 1257 inspicienti.
402 1181 447 1236 llis
462 1180 539 1236 enim
559 1186 679 1234 actorem
700 1178 844 1252 aliquando
863 1182 948 1239 fuisse
962 1183 1107 1238 adversarii
1122 1191 1164 1237 tu·

207 1276 297 1324 torem
308 1263 448 1326 declarari,
460 1279 516 1318 non
527 1263 580 1318 iam
590 1279 658 1318 esse.
673 1262 758 1318 Actor
767 1265 839 1320 enim
849 1265 964 1338 pupillo,
979 1274 1075 1339 postea
1087 1282 1167 1339 quam

208 1354 232 1408 is
251 1351 294 1407 sui
309 1349 376 1404 iuris
392 1348 479 1402 lactus
495 1353 566 1408 erat,
582 1345 653 1401 bona
668 1346 830 1403 tradiderat:
852 1349 951 1421 quihus
965 1350 1069 1404 interea
1088 1350 1168 1404 dissi·

208 1435 279 1510 patis
303 1429 425 1506 pupillus
445 1430 515 1490 bona
548 1430 633 1503 ipsius
655 1431 755 1485 tutoris
780 1432 863 1504 petit,
885 1447 970 1503 eaque
993 1448 1038 1485 res
1062 1434 1166 1504 optime

209 1517 334 1575 convenit
357 1529 454 1570 causae
474 1502 609 1585 ἐξούλης,
639 1528 719 1587 quam
748 1514 854 1588 quidem
885 1514 950 1570 alias
972 1531 1081 1587 quoque
1102 1531 1165 1570 cum

209 1616 291 1658 causa
313 1591 471 1670 ἐπιτροπῆς
495 1599 666 1654 coniunctam
687 1614 747 1654 esse
764 1603 879 1655 constat.
904 1598 958 1654 lam
972 1600 1044 1654 inter
1058 1615 1165 1653 causam

210 1684 242 1741 ab
256 1682 417 1756 Hagnothco
434 1688 520 1738 aotam
533 1668 606 1755 πρός
622 1677 788 1737 Καλυδῶνα
799 1674 958 1756 ἐπιτροπῆς
973 1690 1001 1738 et
1011 1698 1120 1738 causam
1133 1681 1167 1737 ab

122 1760 127 1767 ’
210 1766 344 1841 Calydone
359 1774 445 1822 actam
460 1753 533 1839 πρὸς
545 1753 709 1840 Ἁγνόθεον
724 1756 844 1838 ἔξοόλης
856 1765 962 1839 aliquot
980 1782 1065 1822 annos
1083 1766 1167 1820 inter·

209 1853 295 1908 icctos
312 1866 373 1906 esse
394 1849 538 1906 verisimile
558 1858 613 1912 est,
636 1858 667 1906 ut
689 1849 792 1906 nullam
811 1852 864 1907 iam
877 1850 1052 1907 ostensionem
1067 1849 1168 1905 haltere

209 1935 332 1992 videatur
356 1935 429 2006 quod
453 1934 485 1990 ab
507 1951 561 1990 una
581 1933 747 2006 litigantium
758 1943 836 2007 parte
850 1935 883 1992 ad
902 1933 1013 1991 alteram
1027 1933 1168 1988 transierit

209 2021 310 2076 lsacus.
340 2017 464 2073 Ceterum
479 2016 595 2073 alterurn
610 2013 659 2072 Fr.
674 2011 715 2073 23
733 2016 766 2073 ad
783 2018 853 2074 hanc
865 2019 1016 2075 orationem
1030 2017 1168 2090 pertinere

210 2106 285 2159 recte
297 2102 349 2156 iam
364 2100 465 2156 dudum
481 2101 635 2174 suspicatus
653 2108 696 2156 est
715 2099 787 2156 idem
800 2101 1033 2157 Wcster'mannus.
1066 2089 1168 2155 Τιτό-

210 2184 337 2252 uenia.
366 2171 425 2239 όπό
446 2200 498 2240 τον
520 2179 581 2240 τῶν
600 2200 652 2256 ego
672 2183 706 2239 de
725 2199 786 2240 meo
800 2185 913 2241 correxi.
942 2185 1006 2241 llrat
1022 2170 1080 2240 όπό
1100 2179 1166 2239 τόν.

212 2269 241 2324 V.
257 2269 276 2341 S
291 2275 316 2327 1.
331 2273 356 2325 2.
373 2274 399 2327 l.
415 2276 441 2329 5.
457 2263 471 2346 Η
483 2265 544 2323 τῶν
566 2254 747 2341 ἀδελφιδῶν]
773 2266 850 2323 Bodl.
872 2276 900 2324 et
923 2277 1001 2324 vetus
1021 2268 1166 2325 Schaeleri.

211 2352 276 2409 llrat
292 2346 391 2424 ἰδίαν,
404 2351 438 2408 de
454 2353 532 2410 cuius
547 2350 672 2409 lectionis
688 2351 793 2425 origine
811 2369 836 2406 v.
851 2351 995 2427 Sauppius.

295 2430 319 2511 S
347 2434 374 2492 1.
396 2423 557 2511 Ἁγνόθεον
573 2435 682 2510 egregia
703 2441 746 2491 est
766 2434 859 2492 Cobeti
879 2435 941 2492 Ver.
963 2436 1049 2492 Lectt.
1070 2453 1096 2509 p.
1117 2440 1167 2495 Yll

211 2520 361 2577 emendatio
382 2519 444 2577 coll.
462 2521 591 2595 Has-poor.
609 2536 633 2574 ν.
655 2511 901 2593 ἐπισημαίνεσθαι
921 2520 957 2593 (p.
972 2525 1007 2579 ὃν
1025 2519 1091 2590 Bk).
1104 2519 1170 2574 Erat

127 2598 145 2653 ἰ
210 2590 405 2679 ἀγνοηθέντα.
432 2603 507 2662 Viam
529 2604 691 2661 monstravit
709 2605 846 2664 liobraeus
867 2620 965 2661 nomen
986 2602 1070 2658 latere
1093 2603 1169 2659 coni·

211 2690 285 2745 ciens
311 2688 390 2761 quale
411 2678 612 2764 ’Λγλαοοθίνη
631 2681 646 2766 ΙΙ
665 2675 732 2743 ἀλλ’
750 2675 823 2743 όντα
842 2680 880 2761 γεΙ
894 2674 1074 2759 ἀδελφιδοῦν
1097 2672 1169 2756 ἐμὸν

210 2766 262 2826 καί
281 2764 388 2847 κόριον
412 2790 445 2829 ex
466 2774 579 2830 liobraci
603 2765 791 2830 emendatione
812 2772 923 2846 scripsi:
945 2759 1011 2826 ἀλλ’
1029 2759 1065 2827 οδ
1083 2761 1116 2824 τό
1135 2786 1170 2843 γε

210 2840 313 2951 uidetur.
341 2844 412 2928 ίγιδν
434 2850 486 2911 καί
505 2848 612 2952 ινόριον
633 2854 771 2912 Schaeleri
788 2860 880 2918 vetus,
902 2857 972 2912 unde
995 2849 1172 2929 Sauppius'el

194 2932 260 3007 ue,
275 2922 340 2992 αλλ’
362 2955 416 2993 occ
429 2930 528 3015 τόνγε
541 2933 720 3010 αδελφιδοῦν
739 2924 809 3013 ἐμόν
824 2928 912 3009 όντα,
927 2930 1049 3011 ιιόριονι
1067 2937 1169 2993 Bodlei.

211 3022 293 3078 habet
305 3009 369 3076 ἄλλ’
386 3010 465 3079 οότοο
478 3040 512 3098 γε
527 3003 583 3079 οὖν
599 3011 702 3095 ἆδελφ.
722 3011 794 3096 ἐμόν
815 3033 843 3078 ιἰ.
858 3039 886 3079 τι.
902 3016 917 3103 ΙΙ
930 3019 954 3100 S
969 3018 999 3081 2.
1015 3016 1171 3096 ἑταιρείαις

212 3106 347 3179 Sauppius
365 3106 428 3163 coll.
444 3108 550 3165 Baitero
573 3108 606 3165 ad
629 3107 712 3165 Isocr.
734 3107 833 3180 Paneg.
855 3124 882 3200 ρ.
898 3116 931 3167 51
947 3126 988 3181 sq.
1004 3107 1076 3163 Libri
1092 3100 1186 3165 ἕται·,

213 3188 291 3264 ρίαις
306 3184 319 3268 ll
334 3177 373 3257 ὡς
387 3178 426 3245 δν
440 3171 1011 3267 oiv]···.‚qu0mcaccumq1c⁴⁴.ominatum
1023 3190 1169 3246 Bellienus.

211 3278 247 3332 At
265 3292 290 3330 v.
313 3275 399 3332 lectt.
420 3276 482 3350 [γε.
506 3293 533 3350 p.
555 3274 675 3347 tol-(326)
691 3283 719 3331 et
734 3274 953 3332 commentarit.
971 3294 998 3349 p.
1013 3283 1055 3335 ll.
1071 3268 1084 3353 ΙΙ
1100 3269 1124 3349 §
1139 3270 1168 3330 3.

211 3353 251 3415 ἔτι
267 3356 326 3416 τῶν
348 3355 533 3435 μαρτνριῶνς
559 3376 611 3433 ego
631 3361 665 3416 dc
684 3375 755 3415 meo.
777 3359 844 3415 Ceti.
866 3353 899 3416 ἐκ
919 3357 979 3415 τόν
1003 3349 1169 3433 μαρτόροτν.

211 3441 281 3499 lllud
304 3452 333 3500 et
348 3444 515 3501 concinnitas
536 3443 660 3517 postulat
679 3450 708 3499 et
730 3459 771 3498 or.
793 3450 811 3503 8
830 3444 848 3517 S
866 3450 908 3505 28.
928 3436 941 3522 Ι]
961 3440 985 3521 3
1002 3440 1031 3498 4.
1053 3434 1170 3498 διώκων

212 3517 317 3602 ταῦτα]
335 3528 470 3602 Saupprus
485 3527 602 3583 coniecit
614 3520 715 3582 δίκαια
728 3523 823 3583 ποιῶν
836 3519 985 3584 πόντανοί
1003 3527 1088 3583 simile
1104 3525 1169 3598 quid

213 3610 344 3681 scriptum
364 3612 456 3669 luisse.
486 3606 499 3688 Η
524 3604 576 3666 ναί
595 3598 712 3688 λόγους]
735 3605 787 3667 καί
810 3609 985 3685 κακολογίας
1004 3612 1074 3668 coni.
1092 3608 1122 3663 G.
1137 3609 1168 3662 A.

213 3692 382 3766 uacuum
403 3696 501 3753 emtor.
529 3693 595 3770 νγ.
618 3702 678 3757 aas.
712 3696 772 3752 uon
793 3712 871 3769 opus.
896 3694 950 3751 ce.
973 3712 1013 3752 or.
1037 3702 1051 3754 1
1073 3694 1092 3766 s
1112 3698 1138 3755 ο.
1153 3684 1168 3771 ΙΙ
