2734 4375
249 439 291 501 26
586 444 588 448 ⁴
665 425 795 481 umor
926 467 941 499 ·.
1113 431 1166 482 Οι.
1183 433 1207 482 2.

249 599 437 687 ἀπέδωκεν,
460 588 557 679 οὗτος
582 604 679 686 ἔλαβε
702 600 820 680 ζῶντος
844 601 974 668 ἐκείνου
997 606 1060 686 ἔτι,
1080 605 1151 680 πῶς
1169 597 1210 671 οὐ

199 729 233 782 28
249 704 439 822 περιφανεῖς
474 702 672 823 ἐξελέγχεται
700 693 899 784 ἀναιδης’
873 727 937 782 ωνς
967 694 1022 778 Ὡς
1057 700 1095 767 δε
1130 709 1209 789 ἔχει,

252 797 315 890 ἐγω
334 803 495 882 ἐπιδείξω.
514 797 652 886 ’ἐπειδὴ
674 825 759 920 γαρ
760 802 830 867 ἔδει
851 825 898 891 τφ
914 794 1051 920 ὀρφανῷ
1071 796 1112 868 τοὶ
1129 801 1208 887 χρή-

249 930 336 992 ματα
366 894 627 988 ἀποδιδόναι,
610 927 630 968 ο
658 894 691 968 δ’
720 893 783 966 οόκ
815 898 903 987 εἶχεν
929 893 1053 968 ὁπόθεν
1080 895 1206 990 ἀποδῷ,

250 1001 341 1073 τόκοι
363 1002 401 1070 δέ
423 1005 549 1070 πολλου
570 998 691 1128 χρόνρυ
713 996 975 1119 συνερρυηκότες
998 989 1083 1086 ἦσαν
1105 995 1206 1128 αὐτῷ,

250 1130 288 1173 το
277 1099 428 1192 χωρίον
446 1098 572 1222 ἐπεόλει.
613 1101 667 1168 καὶ
673 1087 787 1179 ,οὗτος
810 1102 929 1188 καιροῦ
951 1097 1130 1188 λαβόμενος
1153 1103 1209 1167 καὶ

251 1200 451 1323 βουλόμενος
468 1197 559 1293 αότῳ
547 1196 818 1287 ἐπηρεάζειν,“
799 1226 850 1269 οτι
868 1200 922 1288 ἐμὲ
935 1198 1126 1287 ἐποιήσατο,
1146 1205 1211 1268 διε-

200 1337 203 1342 ·
251 1301 360 1372 κεόλυε
381 1298 418 1371 τό
441 1307 562 1389 χοιρίον
585 1302 812 1389 πραθῆναι,”
797 1327 853 1369 ινα
874 1297 1100 1389 κατοκώχιμον
1116 1303 1211 1386 γένη-

251 1431 304 1493 ται
323 1404 378 1472 καί
395 1397 593 1489 ἀναγκασθῇ
609 1428 655 1491 τφ
667 1395 807 1492 όρφανφ
816 1395 1008 1487 ἀποστῆναι.
1045 1397 1211 1522 ἡμφισβή-

251 1531 299 1572 τει
324 1529 386 1571 ουν
410 1496 503 1591 αὐτῷ
530 1503 650 1589 μέρους
677 1496 767 1579 τινός
796 1527 856 1569 του
886 1509 1030 1622 χωρίον,
1051 1498 1212 1590 πρότερον

251 1598 331 1671 οὐδε
366 1598 496 1669 πώποτε
529 1597 799 1689 ἀμφισβητήσας,
833 1597 941 1669 ταδ’
905 1599 1110 1722 απηγόρευε
1143 1617 1212 1681 τοῖς

201 1721 234 1772 29
251 1698 450 1790 ὠνουμένοις
468 1730 511 1790 μη
502 1698 696 1770 ἀνεῖσθαι.
727 1695 878 1780 κάκεῖνος
894 1696 1089 1789 ἠγανάκτει,
1108 1700 1211 1788 οἶμαι,

252 1804 308 1873 καὶ
330 1797 530 1890 ἠναγκάζετο
554 1797 795 1871 ὑπολείπεσθαι
817 1791 860 1871 οὗ
881 1797 1133 1890 ἠμφισβήτησεν
1155 1792 1212 1869 οὗ·

251 1932 313 1984 τος.
354 1900 391 1972 τό
410 1904 447 1971 δὲ
464 1901 544 1972 ἀλλο
567 1898 762 1972 ἀποδίδοται
781 1908 936 1994 Φιλίππη)
952 1905 1000 1994 τῷ
1016 1913 1141 1972 Πιτθεῖ
1158 1904 1211 1987 ἑβ-

253 2002 438 2094 δομήκοντα
463 2006 573 2092 μυεῖν,
604 2005 660 2071 καὶ
690 1998 777 2070 οὕτω
809 2001 938 2072 διαλύει
967 2000 1026 2072 τόν
1050 1998 1211 2091 ὀρφανόν,

253 2101 334 2177 ἕπτά
366 2106 450 2192 μνάς
484 2105 540 2171 καὶ
573 2100 734 2171 τάλαντον
767 2097 912 2182 ἀποδοὺς
942 2098 1006 2172 ἀπό
1032 2106 1089 2192 τῆς
1116 2106 1212 2191 τιμῆς

251 2207 314 2293 τοι]
345 2210 482 2293 χωρίου·
516 2200 622 2295 τούτῳ
657 2203 695 2271 δὲ
728 2200 882 2291 λαγχάνει
909 2209 1006 2292 δίκην
1030 2206 1087 2292 τῆς
1110 2199 1211 2291 ἀπορ-

252 2302 387 2394 ρήσεως.
433 2301 542 2391 λόγων
570 2304 607 2371 δὲ
635 2305 767 2372 πολλῶν
793 2307 983 2391 γενομέναν
1010 2307 1065 2374 καί
1089 2310 1212 2394 ἔχθρας

253 2407 374 2492 πολλῆς
402 2407 519 2486 ἐδοξεν
547 2397 629 2493 ἡμῖν
650 2406 786 2492 χρῆναι,
814 2410 871 2473 ἵνα
892 2402 937 2494 μή
960 2431 1039 2475 ποτε
1063 2415 1139 2493 είπη
1162 2433 1212 2484 τις

252 2505 308 2595 ἐμὲ
329 2514 586 2595 φιλοχρηματεῖν
611 2506 667 2574 καὶ
691 2502 831 2594 ἐχθροός
853 2502 1019 2594 ἀδελφοός
1036 2503 1134 2585 όντας
1152 2501 1212 2573 αὖ·

251 2604 328 2686 τούς
352 2604 566 2694 καθιστάναι,
592 2608 763 2695 ἐπιτρέψαι
785 2609 832 2697 τῷ
854 2633 890 2674 τε
914 2609 1058 2694 κηδεστῇ
1073 2608 1121 2698 τῷ
1137 2603 1212 2674 τού·

201 2715 235 2767 30
251 2734 310 2775 του
329 2709 384 2775 καὶ
401 2724 469 2786 τοῖς
486 2713 595 2795 φίλοις
614 2709 786 2792 διαιτῆσαι.
823 2708 942 2774 ἐκείνοι
960 2700 993 2771 δ’
1013 2700 1211 2792 εῖπουὴμῖν,

254 2812 283 2872 εί
299 2805 361 2892 μὲν
374 2808 601 2893 ἐπιτρέποιμεν
612 2802 725 2884 αὐτοῖς
738 2801 822 2873 ὥστε
839 2801 879 2872 τά
893 2811 1005 2873 δίκαια
1017 2808 1210 2893 διαγνῶναι,

252 2899 314 2974 οὐκ
332 2898 374 2972 ἀν
392 2910 520 2991 ἔφασαν
545 2908 723 2991 διαιτῆσαι·
746 2900 932 2995 οὐδὲνγὰρ
957 2910 1090 2975 δεῖσθαι
1113 2902 1211 2993 ἀπέχ-

251 3015 376 3073 θεσθαι
393 2999 579 3094 οὐδετέροις
595 2999 707 3092 ἡμῶν
733 3010 764 3073 εί
781 3000 812 3072 δ’
832 3002 971 3094 ε’ἀσομεν
989 3002 1110 3085 αὐτούς
1126 3010 1211 3092 γνοῖ-

251 3133 308 3175 ναι
329 3101 369 3173 τά
391 3107 602 3195 συμφέροντα
625 3107 744 3192 πᾶσιν,
769 3111 897 3192 ἔφασαν
921 3106 1111 3193 διαιτήσειν.
1154 3109 1210 3174 καὶ

251 3201 362 3297 ἡμεῖς,
385 3209 442 3275 ἵνα
468 3202 510 3292 δὴ
528 3204 733 3293 ,πραγμάτων
754 3201 1014 3297 ἀπαλλαγῶμεν,
1039 3204 1083 3286 ὥς
1105 3233 1144 3293 γε
1169 3204 1211 3293 δὴ

201 3323 232 3374 31
252 3304 409 3429 ρόόμεθα,
428 3302 533 3385 οὕτως
552 3307 775 3395 ἐπιτρέπομεν.
816 3309 873 3375 καὶ
897 3312 1015 3378 ἐκείνοι
1032 3304 1211 3395 ὀμόσαντες

251 3403 332 3528 ημῖν
349 3404 479 3500 πρός
448 3435 494 3476 τοι
482 3409 655 3499 βωμῷ
622 3409 668 3475 τώ
686 3409 743 3494 τῆς
758 3401 1010 3496 Ἀφροδίτης
969 3438 1027 3496 της
1038 3412 1212 3496 Κεφαλῆσι

253 3504 293 3575 τά
314 3510 526 3596 συμφέροντα
548 3505 754 3595 γνώσεσθαι,
781 3504 981 3597 διητησαν“
962 3513 1046 3597 ημᾶς
1068 3505 1209 3595 ἀποστη-

253 3634 309 3675 ναι
331 3597 379 3675 τόν
407 3636 502 3689 ουτος
524 3604 754 3697 ημφισβήτησε
776 3612 833 3678 καί
857 3612 975 3679 δουναι
998 3605 1144 3698 δωρεάυ·
1167 3604 1209 3678 οὐ

252 3702 317 3797 γὰρ
333 3708 510 3794 ἔφασαν
479 3736 565 3779 ειναι
580 3703 686 3797 ἀλλην
707 3704 902 3795 ἀπαλλαγὴν
917 3703 1094 3798 οὐδεμίαν,
1117 3715 1149 3779 εί
1163 3735 1210 3799 μη
