2734 4375
248 426 297 490 Ao
664 420 795 475 Amor
1034 428 1037 437 ·
1111 420 1165 471 οι.
1186 421 1216 473 ⁷.

254 590 332 671 τούς
349 606 522 677 συγγενεῖς
539 586 690 672 ἀπέδειξε
707 593 811 660 καὶῖ
780 597 826 671 A,-
843 588 883 660 τά
900 587 995 659 κοινὰ
1004 610 1217 680 γραμματεῖα

256 695 454 813 ἐνέγραψεν,
486 686 612 760 ἅπανθ’
644 688 708 760 ὅσα
738 694 904 791 προσῆκεν
936 686 1034 770 αὐτὸς
1059 690 1215 811 ποιήσας,

221 787 328 912 AAA’
349 800 383 859 ελ
395 818 443 869 τις
460 787 668 877 τελευτήσειν
685 786 815 913 μέλλων
833 793 980 878 διέθετο,
999 801 1033 859 εῖ
1045 819 1077 860 τι
1093 791 1215 882 πάθοι,

254 888 315 979 τὴν
332 886 450 959 οὐσίαν
478 892 595 983 ἑτέρῳ,
621 892 676 960 καὶ
694 887 788 960 ταῦτ’
816 894 853 960 έν
869 888 1046 1011 γράμμασι
1052 894 1215 964 κατέθετο

187 988 343 1081 υπαρά
359 1010 425 1059 τισι
442 987 677 1112 σημηνάμερος,
707 993 834 1060 ἐκεῖνον
850 987 967 1111 μδιχ
928 1020 997 1111 γαρ
1013 988 1073 1059 τόν
1084 991 1216 1076 τρόπον

155 1098 162 1170 ’,
254 1088 472 1179 ποιησάμενος
498 1088 645 1179 φανεράς
672 1088 910 1178 κατέστησε
873 1119 930 1171 τας
956 1086 1062 1160 αὑτοῦ
1070 1093 1215 1212 βουλά·

254 1212 340 1279 σεις,
358 1187 437 1261 ὅλον
453 1187 490 1259 τό
489 1193 636 1359 ἐπράγμα
648 1189 870 1280 έπιιιυρόσας,
891 1188 1018 1261 δόντων
1036 1187 1128 1284 αὐτῷ
1143 1197 1216 1262 τῶν

252 1288 380 1380 νόμων·
399 1319 417 1360 ο
407 1285 505 1359 δ’έ
504 1320 525 1361 ν
543 1282 1129 1413 διαθήκαιςσημηνάμενοςάδχὶλρυς
1123 1296 1214 1362 ἐποί-

253 1413 331 1479 ησε,
358 1386 409 1459 διδ
431 1393 546 1460 πολλοὶ
568 1389 758 1461 πεπλάσθαι
781 1389 963 1479 φάσκοντες
986 1387 1087 1470 αντάς
1109 1388 1213 1481 άμφι

254 1498 389 1578 σβητειν
399 1486 529 1571 αξιουσι
540 1516 622 1580 προς
630 1519 708 1571 τους
718 1493 926 1578 ποιηθέντας.
954 1487 1090 1560 ἔοικεδ’
1108 1489 1214 1562 οὕδευ

254 1589 424 1682 προῦργου
445 1594 544 1660 τοῦτο
568 1590 668 1661 εἶναι·
692 1593 748 1660 καὶ
771 1588 833 1681 γάρ
856 1587 961 1671 οὕτως
979 1588 1091 1662 αὐτῶν
1108 1622 1213 1681 φανε-

253 1694 319 1782 ροῖς
342 1693 583 1780 πεπραγμένων
604 1688 692 1780 ὅμως
707 1687 793 1781 ὑπὲρ
810 1693 867 1780 τῆς
883 1687 1050 1781 θυγατρός
1067 1695 1125 1781 τῆς
1142 1691 1211 1764 EA-

253 1788 388 1872 πόλιδος
414 1787 533 1880 ἥκουσι
560 1794 636 1882 περὶ
665 1795 733 1863 τῶν
759 1788 1007 1881 Ἀπολλοδώρου
1035 1791 1212 1883 χρημάτων

219 1888 334 1983 3πρδς
363 1893 419 1981 ἐμὲ
448 1887 761 1981 άμφισβητήσοντες,
808 1888 871 1980 ε’γοδ
894 1887 927 1960 δ’
952 1899 984 1961 εἰ
1009 1893 1070 1981 μὲν
1094 1891 1210 1982 ἑτάρων

252 1988 340 2081 ὑμᾶς
360 1996 485 2081 μάλλον
506 1989 768 2081 ἀποδεχομένους
785 1989 843 2072 τάς
860 1998 1096 2082 διαμαρτυρίας
1111 1988 1133 2079 A
1148 1991 1207 2073 τάς

253 2089 468 2179 εὖθυδιαίας,
488 2086 551 2161 ιιάν
567 2089 734 2213 μάρτυρας
745 2088 981 2181 προύβαλόμην
995 2089 1041 2225 μὴ
1058 2095 1206 2161 ἐπίδικον

252 2189 398 2262 εἶναι
365 2220 423 2262 τον
448 2194 570 2313 κλῆρρν
596 2185 640 2272 ὦς
664 2195 888 2281 ποιησαμένου
910 2220 951 2282 με
967 2191 1044 2264 υἱόν
1056 2189 1206 2265 Ἀπολλο-

254 2290 365 2381 δόρου
383 2288 465 2361 κατά
482 2288 559 2372 τούς
570 2290 713 2382 νόμους
737 2290 851 2382 ἐπειδὴ
869 2288 902 2364 δ’
920 2322 961 2363 ου
950 2289 1205 2383 ’διαφεύγει
1169 2324 1210 2364 τα

253 2397 366 2462 δίκαια
387 2389 432 2481 μὴ
455 2420 495 2461 ου
485 2388 574 2462 ’καὶ
595 2420 715 2463 τουτον
736 2391 982 2482 γιγνώσκεσθαι
997 2391 1057 2465 τόν
1072 2393 1208 2511 τρόπον,

251 2495 308 2563 καὶ
324 2490 403 2583 παρ’
413 2488 502 2581 ὑμῖν
519 2507 632 2573 αυτοις
648 2490 718 2581 ἥκω
732 2492 960 2663 διριλεξόμενος
975 2497 1052 2584 περὶ
1068 2523 1136 2565 των
1153 2522 1209 2563 πε-

251 2596 506 2683 πραγμένων,”
491 2622 546 2663 ινα
568 2599 733 2683 μηδεμίαν
755 2589 844 2683 ἡμῖν
859 2623 879 2663 A
880 2601 927 2663 ῖτί
926 2623 968 2663 αν
989 2597 1066 2684 περὶ
1087 2622 1146 2664 του
1162 2593 1208 2682 μὴ

217 2715 235 2763 4
251 2692 434 2781 βοάλεσθαι
457 2696 575 2763 δοῦναι
594 2699 691 2782 δίκην
708 2693 865 2783 τοιαύτην
884 2696 1091 2785 έπιφέρωσιν
1126 2690 1206 2814 άπρ-

253 2796 348 2876 δείξω
374 2794 417 2862 δδ-
435 2789 479 2874 As
496 2789 537 2862 οὗ
553 2791 657 2882 μόνον
675 2797 729 2865 ἐπὶ
745 2810 814 2875 τοῖς
832 2792 997 2883 ἐγγυτάτω
1014 2795 1130 2882 γε’νους
1146 2791 1206 2862 τόν

248 2895 374 3013 αληρον
384 2889 628 2983 Ἀπολλόδωρος
641 2923 682 2964 ου
674 2891 919 2982 ’καταλᾶοιπω
932 2893 1040 2964 πολλὰ
1047 2896 1102 2963 καὶ
1114 2892 1207 2964 δεινά

250 2986 318 3061 ὖπό
335 2991 462 3062 τούτων
479 2989 668 3083 άδικηθείς,
694 2991 778 3064 ἀλλὰ
802 2990 908 3063 καὶ
884 3022 928 3073 ως
954 2996 1010 3083 ἐμὲ
1034 2992 1207 3081 ἐποιήσατο

253 3089 447 3180 δικαίως,”
427 3120 509 3162 οντα
531 3089 754 3183 άδελφιδονν,
778 3096 833 3164 καὶ
850 3092 976 3182 μεγάλα
994 3091 1206 3184 εὐεργετημέ-

249 3221 306 3273 νος
329 3188 391 3281 ὑφ’
410 3187 513 3281 ἡμων
552 3195 667 3284 δέομαι
684 3189 758 3264 δὲ
737 3221 849 3284 υμων,
868 3222 894 3298 A
883 3184 1048 3284 ἄνδρες,
1072 3193 1207 3264 πάντων

248 3288 369 3382 ὁμοίως
393 3289 528 3363 εὔνοιάν
549 3297 656 3383 τέμοι
672 3310 872 3384 παρασχεῖν,
896 3289 960 3365 πάν
983 3292 1088 3365 έπὶ
1053 3323 1113 3366 τον
1130 3299 1207 3382 AAA-

250 3422 311 3513 ρρν
331 3390 475 3475 άναιδως
499 3389 620 3475 αὐτοῦς
649 3392 758 3475 ἰόντας
788 3398 960 3517 ἐξελέγχω,
989 3402 1129 3483 βοηθεῖν
1151 3424 1207 3483 μοι

197 3563 199 3568 ,
248 3490 290 3560 πά
313 3499 433 3563 δίκαια.
474 3492 651 3583 ποιησομαι
675 3491 709 3564 δ
734 3491 788 3576 ὥς
796 3490 845 3565 AA
866 3492 957 3583 κάγιδ
981 3493 1132 3613 δύνωμαι
1151 3492 1207 3563 διά

250 3592 466 3680 βραχυτάτων
489 3591 566 3673 τούς
582 3592 718 3740 λόγους,
742 3592 811 3679 A’
791 3600 893 3686 αρχῆς
910 3623 955 3676 ως
950 3602 1049 3741 Ιἔχει
1054 3592 1095 3665 τά
1078 3592 1207 3746 γενό·

248 3707 334 3762 ωινα
350 3689 554 3778 διδάσκων“
531 3697 653 3783 υμᾶς,
1047 3755 1049 3762 ,
