2734 4375
168 437 266 488 025.
328 435 418 487 1551
435 400 511 485 εον
528 432 785 486 αεειοκουονε
802 434 967 486 umor.
1060 418 1066 431 ’
1084 440 1125 502 25

170 603 266 676 55'
246 610 424 695 ατυχούντι
448 613 601 695 φαίνεται
626 607 791 691 ἐπιτιμῶν.
832 607 888 675 καὶ
906 622 975 687 τοῖς
992 609 1054 696 μὲν
1070 605 1177 678 ἀλ-ει
1187 624 1189 632 ’

169 716 236 787 λοις
262 702 387 777 ἅπασιν
416 702 607 795 ἀνθρώποις
635 701 721 774 καλ”
714 714 838 791 Ελλήσι
867 709 923 776 καλ
945 706 1125 829 βαρβάροις

169 812 260 877 δοκεῖ
275 811 384 887 καλῶς
400 796 496 886 οὗτος
513 802 531 874 5
548 804 647 895 νόμος
665 817 816 892 κεῖσθαι,
834 834 853 873 ο
841 799 1004 897 ’περὶ
962 836 1020 896 της
1033 808 1125 897 ποιή

166 929 265 995 σεως,
284 910 340 976 καλ
359 903 415 975 δια
424 933 522 975 τουτο
533 910 675 994 χρῶνται
688 904 808 986 πάντες
819 902 924 997 αύτῷ
941 937 959 977 ο
949 903 1017 978 ‘5
1033 920 1125 989 θεῖος

165 1003 336 1077 ούτοσλ’
297 1034 360 1075 ουκ
376 1004 611 1094 αἰσχύνεται
577 1035 636 1076 τον
653 1001 757 1076 αύτου
744 976 916 1093 ἀδελφδν
931 1006 1052 1096 ταύτης
1068 1013 1126 1097 τής

167 1112 316 1190 ἐξουσίας
339 1103 529 1198 ἀποστερῶν
552 1111 632 1194 νύν,
657 1104 959 1195 τούποιήσασθαι,
985 1098 1024 1195 ής
1046 1107 1127 1178 ούδδ

165 1223 234 1287 τοῖς
258 1203 359 1276 ούδδν
380 1208 469 1294 γένει
494 1206 719 1296 προσήκουσιν
740 1204 853 1287 ούδελς
876 1206 1009 1277 πύποτε
1027 1207 1127 1296 ἐφθό-

165 1327 278 1394 νησεν.
323 1307 422 1396 Οἶμαι
446 1309 484 1376 δὲ
507 1310 561 1376 καὶ
578 1312 713 1395 τούτου,
740 1318 835 1387 εἴτις
855 1306 1051 1400 ἐρωτήσειεν
1068 1304 1178 1381 55'25

103 1476 105 1483 s
166 1405 225 1476 555
241 1415 277 1476 τί
293 1406 335 1495 δή
353 1403 425 1477 ποτ’
444 1402 487 1477 ἀν
506 1410 659 1496 ἐποίησεν
676 1416 724 1488 εἰς
734 1406 796 1496 τήν
807 1404 912 1496 αύτήυ
923 1407 1028 1498 τύχην
1047 1411 1127 1477 ἐκεί-

166 1536 215 1599 νῳ
230 1506 409 1593 Ιααταστάς,
434 1505 497 1578 ούκ
514 1505 588 1577 ἀλλ’
607 1505 710 1578 ούδδυ
727 1516 834 1578 εἰπεῖν
851 1504 872 1596 5
888 1506 938 1578 ὅτι
957 1504 1126 1596 ἐποιήσατ’

168 1601 211 1677 ἀν
235 1605 272 1688 ὅς
292 1637 341 1690 τις
361 1605 463 1679 αύτδν
488 1615 602 1697 ἔμελλε
625 1613 731 1693 ζῶντα
753 1608 980 1697 θεραπεύσειν
1002 1613 1059 1678 καλ
1075 1636 1127 1680 τε·
1178 1664 1189 1685 „

168 1707 371 1797 λευτήσαντα
391 1708 533 1791 θάψειν·
555 1711 613 1778 ααλ
639 1705 811 1796 δῆλονὸτι
839 1707 921 1778 κατὰ
942 1708 1001 1779 τδν
1025 1706 1140 1779 αύτδν

167 1813 284 1879 τούτου
305 1809 410 1899 νόμον
433 1805 455 1896 5
478 1816 607 1896 ποίησις
630 1804 752 1896 ἐγένετ’
776 1806 835 1895 ἀν,
859 1806 938 1878 καθ’
962 1807 1004 1880 ὅν
1027 1804 1128 1898 περή

168 1907 236 1998 ἐμή.
268 1906 404 1980 Ιἐἶτα
362 1906 461 1989 αυτδς
478 1910 540 1998 μὲν
558 1917 588 1978 ελ
603 1899 650 1996 ήν
663 1906 778 1997 ἀπαις,
803 1905 1018 1997 ἐποιήσατ’
997 1929 1052 1978 αν
1070 1906 1129 1979 τδυ

168 2011 205 2078 δὲ
227 2012 404 2080 Μενεκλεα
426 2008 608 2097 ποιήσαντα
630 2006 735 2079 ταύτά
761 2007 869 2101 τούτῳ
898 2011 1129 2130 παραφρονεῖν

166 2131 248 2199 φησι
271 2114 327 2180 καὶ
349 2113 483 2199 γυναικὶ
507 2109 709 2201 πειθόμενον
730 2108 942 2199 ποιήσασθαι.
978 2136 1048 2191 πως
1066 2099 1129 2179 οὖν

166 2208 207 2280 ού
236 2215 368 2299 σχέτλια
396 2215 504 2298 λέγων
531 2220 702 2301 φαίνεται;
732 2210 795 2299 ἐνοδ
817 2209 881 2301 γάρ
904 2211 993 2301 οἶμαι
1017 2214 1130 2333 πολλῷ
1146 2192 1179 2277 νδ
1262 2265 1266 2271 .

166 2314 291 2399 μᾶλλον
318 2315 437 2381 τούτου
463 2329 695 2401 παραφρονειν
721 2317 769 2405 τῷ
789 2340 825 2381 τε
853 2310 941 2434 λόφῳ
971 2310 1078 2404 τούτῳ
1101 2302 1128 2403 ᾧ

166 2413 246 2479 νυνὶ
263 2417 367 2499 λέγει,
385 2413 441 2478 καὶ
458 2408 613 2490 οἷςποιεῐ.
642 2429 711 2492 τοῖς
728 2440 764 2482 τε
779 2410 967 2502 γάρνόμοις
984 2414 1039 2482 καλ
1057 2428 1125 2491 τοῖς

169 2516 307 2591 δικαίοις
331 2506 442 2579 καλ
406 2538 456 2590 οις
480 2506 578 2590 αύτδς
603 2507 799 2598 ἐποίησεν’“
779 2541 821 2581 αν
842 2508 1001 2582 τάναντία
1019 2514 1139 2599 λέγων·
1198 2597 1201 2603 .

167 2613 419 2701 ‹555555'55555
442 2606 508 2680 055
530 2609 720 2701 αἰσχύνεται
748 2612 810 2699 μὲν
833 2607 925 2704 αύτῷ
946 2608 1005 2679 τδν
1027 2608 1131 2698 νόμον

167 2709 226 2781 τδν
247 2715 326 2802 περλ
339 2716 398 2799 τής
416 2709 577 2799 ποιήσεως
596 2715 701 2782 ποιοῦν
718 2710 852 2801 κύριον,
874 2714 923 2804 τῷ
940 2711 977 2779 δὲ
994 2706 1132 2803 ἀδελφῷ

168 2810 227 2881 τδν
245 2810 347 2882 αύτόν
364 2816 483 2882 τούτου
500 2817 605 2899 ζητεῖν
621 2810 747 2902 ἀκυρον
763 2815 905 2900 ποιήσαι.

243 2912 327 2982 Εἶτα
355 2917 420 2982 νύν
447 2910 503 2981 διά
524 2920 561 2982 τί
581 2911 817 3001 διαφερόμενος
841 2922 931 3000 ζητεῖ
950 2902 1048 2992 οὗτος
1071 2908 1130 2982 τδν
1147 2936 1180 2984 27

111 3053 114 3059 ·
168 3007 365 3131 ἀδελφδν
333 3041 390 3081 τον
409 3016 529 3082 ἑαυτου
518 3009 672 3082 ἀπαιδα
682 3017 897 3101 καταστῆσαι,
915 3010 1021 3095 ἀξιόυ
1027 3016 1128 3099 ἐστιν,

169 3140 195 3181 ω
185 3099 354 3200 ἀνδρες,
379 3108 527 3182 ἀκούσαι.
572 3121 603 3183 εἰ
624 3142 687 3201 μεν
707 3111 771 3200 γὰρ
794 3115 870 3202 περὶ
892 3117 953 3183 τού
969 3109 1129 3232 55555559

168 3241 222 3301 μοι
251 3214 441 3301 διαφέρεται
472 3216 527 3282 καλ
529 3211 740 3335 ἀναίνεται,
768 3220 801 3281 ελ
825 3210 889 3301 ἐνοδ
917 3220 1031 3301 ἔσομαι
1057 3207 1130 3290 υλδς

167 3315 397 3399 Μενεκλέους,
416 3338 485 3391 ποις
495 3341 538 3381 ου
529 3309 716 3402 φθονερος
728 3317 834 3398 ἐστιν
854 3321 887 3382 ελ
903 3314 941 3382 δὲ
958 3313 1035 3400 περὶ
1052 3338 1129 3400 χρή-
1237 3327 1240 3333 “

168 3412 282 3501 μάτων
300 3408 429 3482 ἐστὶν
413 3442 432 3482 ο
456 3410 551 3501 λόγος
573 3410 680 3505 αύτῷ,
707 3412 899 3498 ἐπιδειξάτω
915 3408 997 3500 ύμῖν
1014 3407 1130 3481 ὁποῖον

168 3523 291 3602 χωρίον
313 3507 335 3601 5
358 3520 532 3584 συνοικίαν
555 3508 576 3600 5
600 3520 709 3583 οἰκίαν
738 3499 914 3584 ἀατέλιπεν
943 3506 1131 3599 ἐνετυος,δ

170 3612 233 3701 ἐγώ
252 3622 315 3704 ἔχω
332 3622 420 3686 νυνί.
463 3621 493 3684 ελ
511 3615 548 3684 δὲ
564 3616 670 3703 μηδὲν
686 3613 816 3685 τούτων
838 3614 1027 3702 κατέλιπεν,
1049 3607 1128 3681 ἅδ’

168 3704 212 3802 ἦν
228 3712 320 3808 αύτῷ
336 3712 524 3806 ὑπόλοιπα,
548 3711 663 3804 ἐπειδὴ
684 3719 734 3809 τῷ
754 3711 895 3807 ὀρφανῷ
916 3709 1131 3805 τδάργύριον
