2734 4375
142 396 204 459 140
556 386 683 438 ῙΣᾸΙΟΤ
990 387 1053 439 Οι.
1075 388 1114 441 11.

141 557 278 651 κεν),“
255 589 278 629 α
302 555 335 628 δ
359 553 454 646 ύμείς
479 554 588 646 ἐμοὶ
557 585 643 628 ειναι
667 561 895 681 ίίηφίσασδε,
918 586 969 651 τῳ
956 561 1117 685 βουλρ-

141 666 231 754 μίνρι
249 659 362 740 δόντες
387 662 548 781 ἐξουσίαν
561 655 782 777 ἀμφισβητεῖν
799 653 929 746 αύτων,
959 662 1022 729 ἐπὶ
1040 660 1117 730 τού-

140 790 209 842 τοις
237 764 307 849 ἐμοὶ
336 743 508 840 τοιούτους
529 754 659 846 ἀγωυας
683 756 946 848 παρασκευάζειν
977 763 1044 830 καὶ
1072 769 1117 843 είς

139 865 237 932 τούτο
255 856 530 980 ἀναισχυντίας”
508 887 621 946 ηκειν;

90 972 124 1024 15
218 972 338 1051 Οίομαι
349 949 465 1050 μὲν
423 988 485 1029 ουν
503 962 558 1028 καὶ
571 963 671 1029 ἐκ
624 989 692 1030 των
705 956 770 1048 ἤδη
783 964 970 1049 εἰρημένων
988 962 1118 1050 γιγνοί

141 1075 281 1134 σκεσθαι
302 1058 385 1150 ύμῖν
407 1057 458 1129 ὅτι
475 1056 548 1129 οὔτ’
567 1057 673 1130 ἀδικοῖ
695 1057 754 1130 τδν
776 1065 879 1128 παῖδα
901 1056 1012 1131 οὐδὲν
1038 1059 1117 1133 οὔτ’

142 1162 308 1253 ίνοχόςί
277 1191 343 1252 εμι
294 1159 499 1241 ίταύταις
520 1176 593 1242 ταῖς
608 1168 737 1241 αἰτίαις
759 1156 840 1229 ούδὲ
863 1157 947 1229 κατά
964 1162 1118 1284 μικρόν·

142 1265 245 1334 ἔτιδὲ
261 1257 535 1393 ἀκριβέστερον
516 1264 660 1350 ηγοῦμαι
677 1265 733 1330 καὶ
753 1264 788 1330 ἐκ
804 1263 872 1330 των
888 1258 1049 1332 ἀλλων
1023 1268 1118 1352 υμᾶς

141 1363 372 1487 μαθήσεσθαι,
397 1366 452 1431 καὶ
474 1391 536 1484 την
554 1360 635 1451 ἐμὴν
654 1356 916 1447 ἐπιδικασίαν,
892 1388 937 1441 ως
954 1366 1118 1454 γέγονεν,

141 1461 347 1542 ἀκούσαντας
370 1465 446 1550 περὶ
469 1459 589 1532 αὐτων.
637 1465 708 1551 ἐμοὶ
727 1460 842 1583 γάρ,
841 1490 867 1530 ω
855 1453 1058 1552 ἀνδρες,
1059 1474 1118 1534 λα·

141 1563 233 1653 χόντι
256 1567 318 1632 τού
340 1561 465 1685 κλήρου
488 1560 550 1651 τὴν
576 1569 673 1650 δίκην
700 1560 779 1632 οὔτε
800 1551 896 1642 ούτος
918 1557 937 1630 6
959 1567 1030 1633 νῦν
1059 1566 1118 1654 ἐμὲ

142 1667 363 1751 εἰσαγγέλλων
385 1660 490 1756 ᾥήδη
508 1669 581 1735 δεῖν
603 1660 912 1753 παρακαταβάλλειν
934 1657 1026 1754 ὑπὲρ
1052 1668 1119 1735 τού

141 1762 335 1853 παιδός,’
302 1762 380 1834 ούτε
397 1768 431 1834 οί
446 1773 614 1855 Στρατίου
625 1770 750 1844 ,παῖδες
768 1769 803 1834 οί
817 1759 917 1831 ταύτὰ
939 1767 990 1855 τῷ
1015 1768 1117 1836 παιδὶ

142 1864 380 1955 προσήκοντες,
405 1862 483 1934 ούτε
511 1862 557 1934 δι’
582 1863 662 1934 ἀλλο
684 1861 787 1934 οὐδὲν
814 1859 926 1943 αὑτοῖς
956 1863 1118 1952 ἐνόμιζον

92 1979 125 2030 16
142 1964 323 2085 προσήκειν
339 1964 467 2035 τούτων
483 1993 551 2034 των
562 1963 752 2055 χρημάτων
772 1967 844 2033 ἐπεὶ
856 1959 974 2033 066*
954 1993 1000 2032 αν
1012 1993 1116 2046 ουτος

142 2094 207 2135 νυν
225 2068 296 2155 ἐμοὶ
313 2064 487 2155 πράγματα
503 2081 717 2153 παρεῖχεν,ε
702 2071 733 2132 ί
749 2092 789 2132 τα
811 2092 870 2133 τον
859 2061 1011 2145 παιδὸς
1031 2077 1114 2136 εἴων

112 2199 115 2207 ·
142 2161 300 2253 ἁρπάζειν
321 2166 377 2233 καὶ
400 2192 445 2251 μη
468 2160 695 2253 ἠναντιούμην
712 2159 810 2285 αὐτῷ.
846 2193 938 2234 ουτοι
949 2157 1081 2253 μὲν
1033 2195 1113 2255 ουν,

143 2261 254 2388 ύρπερ
278 2264 430 2351 είπον,ε
432 2260 582 2344 ίδότες”
563 2294 613 2334 οτι
637 2254 744 2348 ἔξω
721 2284 807 2352 ησαν
830 2268 888 2356 τῆς
905 2261 1113 2356 ἀγχιστείας,

142 2361 205 2434 ούκ
221 2362 454 2455 ημφισβητονν
464 2361 539 2435 αλλ
558 2361 701 2490 ἡσυγίαν
718 2365 823 2454 είχον
841 2360 924 2435 οιδ’
915 2361 1097 2489 ὑπὲρ
1051 2396 1114 2455 της

142 2462 356 2554 Εὐβουλίδου
379 2464 547 2557 θυγατρὸς
570 2465 786 2557 πράττοντες,
809 2468 867 2552 τῆς
889 2463 926 2534 τὰ
949 2462 1033 2535 αύτὸ
1061 2473 1112 2536 δι-

143 2576 245 2649 καίως
268 2596 314 2661 τω
302 2570 584 2656 Στρατοκλέους
607 2569 702 2636 παιδί
725 2564 971 2697 προσηκούσης,
995 2570 1116 2637 καλοί

143 2666 252 2759 κύριοι
273 2672 331 2756 τῆς
345 2662 479 2753 Ἁγνίου
500 2665 621 2756 μητρός
642 2658 782 2755 ἦσανι
751 2662 815 2735 οἶοι
838 2663 919 2756 πρὸς
943 2664 1037 2754 ἐμὲ’
1016 2695 1110 2737 αντι-

94 2783 126 2835 17
145 2772 261 2837 δικεῑν.
310 2774 357 2847 είς
384 2766 546 2847 τοσαύτας
577 2764 609 2836 δ’
639 2764 778 2857 ἀπορίας
806 2764 1054 2887 κατίστησαν”
1032 2794 1051 2834 ο
1073 2794 1106 2836 τι

143 2861 410 2956 ἀντιγράψωνται
427 2870 568 2957 περὶ
526 2895 585 2955 της
601 2864 803 2956 ἀγχιστείας,
830 2863 914 2935 ω”στε
930 2890 950 2952 η
940 2861 1081 2955 μὲν
1046 2894 1108 2936 του

143 2967 268 3055 κλῆρον
284 2972 405 3054 ἔχουσα
421 2968 476 3033 καὶ
494 2971 528 3035 οί
549 2970 701 3053 λέγοντες
723 2963 760 3035 τό
778 2969 854 3056 περὶ
877 2962 978 3053 αὐτῆς
996 2970 1108 3056 γένος,

145 3062 259 3153 ἐπειδὴ
277 3062 541 3154 κατεψεύσαντο,
565 3069 690 3158 ῥᾳδίως
707 3060 768 3134 ἀπ’
789 3070 870 3155 ἐμοῦ
885 3065 960 3136 τότε
978 3069 1109 3154 ίξηλίγ

143 3177 275 3257 γδησαν
298 3161 361 3236 ούιι
390 3161 513 3252 ἀληθές
541 3194 573 3235 τι
594 3165 720 3257 γράιγαι
746 3166 983 3255 τολμήσαντες,
1013 3171 1051 3235 οί
1074 3163 1108 3236 δ’

141 3261 230 3357 ὑπὲρ
246 3270 305 3356 τῆς
323 3261 456 3354 Ἀγνίου
473 3264 595 3356 μητρὸς
609 3268 699 3355 γίνει
722 3268 783 3354 μὲν
801 3269 871 3355 ἐμοὶ
887 3262 987 3335 ταύτὰ
1004 3288 1109 3355 προσ-

88 3368 115 3415 ¹³
143 3367 289 3456 πεσούσης
316 3362 459 3457 (ἀδελφὴ
485 3364 550 3457 γάρ
576 3357 620 3456 ἦν
647 3371 710 3438 τού
736 3366 918 3456 Στρατίου)
946 3363 1038 3458 νόμρι
1070 3368 1110 3436 δὲ

143 3462 410 3557 ἆτοκλειομίνης,
420 3463 458 3548 ὃς
474 3465 602 3537 κελεύει
613 3484 748 3558 κρατεῖν
756 3464 833 3548 τούς
843 3464 995 3557 ἄρρενας,
1007 3470 1109 3537 τοῦτο

144 3565 207 3654 μὲν
224 3578 356 3658 εἴασαν,
378 3566 523 3657 οἰόμενοι
548 3564 581 3635 δ’
606 3571 688 3658 ἐμοῦ
708 3566 960 3654 πλεονεκτήσειν
981 3569 1110 3656 μητέρα

145 3662 232 3744 εἶναι
253 3672 316 3738 τού
334 3666 589 3757 τελευτήσαντος
612 3676 775 3758 ἔγραψαν·
804 3664 1110 3755 δσυγγενέστατον
