2734 4375
204 419 233 469 p.
252 400 295 454 ιι.
375 399 465 455 um
481 400 558 455 του
575 399 813 454 mmor
830 399 996 454 mor.
1127 410 1166 472 11

544 546 545 549 ‘
577 569 787 622 ωεευυεεε.

267 671 339 745 ’En
355 680 473 745 τοίνυν
489 669 536 756 ὥς
552 678 588 745 οί
601 672 731 745 τούτων
747 680 840 763 φίλοι
857 676 912 746 καὶ
927 680 1168 767 Κηφίσανδρος

199 768 317 862 ήξίουν
343 783 526 865 νείμασθαι
553 772 616 863 τήν
642 771 764 846 οὐσίαν
792 777 849 844 καὶ
870 772 907 847 ιδ
934 784 1047 866 τρίτον
1068 779 1166 868 μέρος

193 871 284 965 ’ἡμᾶς
302 883 393 966 ἔχειν
409 870 646 946 ἁπάντωντῶν
657 874 881 966 Κλεωνύμου,
900 876 1094 948 καὶτούτων
1110 906 1166 967 μοι

196 975 292 1049 κάλει
315 980 320 1065 Ι
344 973 521 1066 μάρτυρας.

575 1140 786 1193 ΜΔΡΤΤΡΕΣ.

270 1274 441 1371 Ηγονμαι
454 1282 517 1371 μὲν
540 1288 682 1380 τοίνυν,
698 1310 725 1353 ω
712 1271 886 1372 ἄνδρες,
910 1285 992 1352 πᾶσι
1014 1297 1082 1363 τοῖς
1098 1286 1167 1353 τοῖν
1185 1303 1217 1355 17

197 1376 663 1505 κλήρωνρίμφισβητοῦσιν,”
643 1411 725 1454 οταν
735 1379 944 1511 ἀποφήνωσι
944 1386 1032 1471 σφοῖς
1043 1378 1166 1465 αὐτους

194 1479 311 1574 ὥσπερ
339 1477 433 1573 ἡμεῖς
456 1486 512 1554 καί
522 1512 580 1607 ιφ
602 1488 694 1573 γένει
711 1486 897 1575 προτέρους
924 1480 1024 1565 ὄντας
1045 1486 1102 1554 καί
1124 1488 1167 1574 τῇ

198 1591 296 1677 φιλία
323 1610 363 1675 ιη
391 1582 474 1675 πρὸς
496 1577 555 1656 ιόν
577 1583 847 1674 τετελευτηκότα,
876 1593 1054 1707 περίεργον
1078 1584 1165 1655 είναι

195 1682 275 1766 τοδς
291 1682 413 1767 ἄλλους
436 1684 557 1775 λόγους
575 1689 701 1775 λέγειν·
728 1681 842 1776 ἐπειδή
866 1687 905 1756 δὲ
920 1684 1050 1757 τούτων
1067 1682 1164 1757 ου’δέ-

193 1811 293 1876 τερον
322 1793 451 1876 ἔχοντες
478 1814 571 1857 ουτοι
597 1790 740 1878 τολμωσι
769 1814 837 1857 των
863 1814 906 1857 ου
929 1786 1165 1878 προσηκόντων

196 1881 419 1976 ἀμφισβητεῖν
446 1890 503 1958 καὶ
532 1895 670 1971 ψευδεῖς
699 1885 1003 1979 παρασκευάζονται
1033 1885 1163 1976 λόγους,

195 1986 358 2077 βούλομαι
388 1991 513 2080 βραχέα
545 1992 602 2060 καί
636 1991 715 2080 περὶ
743 1987 874 2059 τούτων
901 1985 1016 2060 αὐτων
1045 1996 1162 2059 εἰπεῖν.

163 2172 169 2178 ⁶
196 2094 418 2179 ίσχνρίζονται
435 2088 499 2181 γὰρ
516 2107 589 2172 ταῖς
607 2088 801 2179 διαθήκαις,
819 2092 973 2181 λέγοντες
990 2084 1035 2170 ὥς
1052 2088 1164 2161 Κλεοί-
1184 2114 1217 2165 18

195 2285 298 2370 αὐτὰς
321 2287 395 2361 ἄλλ’
423 2296 735 2385 ἐπανορθωσαικαί
759 2297 943 2382 βεβαιῶσαι
964 2301 1082 2382 σφίσιν
1104 2289 1163 2363 αὖ·

192 2407 263 2472 τοῖς
281 2388 343 2481 τήν
362 2392 500 2483 δωρεάν.
536 2390 631 2483 ὑμεῖς
650 2396 689 2465 δὲ
711 2406 893 2465 σκοπεῖσθε
914 2391 973 2474 τὰς
999 2392 1164 2481 διαθήκας

192 2489 252 2574 τὰς
268 2489 341 2582 μετ’
359 2488 461 2583 ὀργῆς
484 2497 666 2584 γενομένας
690 2494 815 2582 πότερα
838 2493 925 2616 είκής
950 2498 1018 2564 ἐστι
1043 2501 1163 2582 βουλη-

191 2596 298 2683 θῆναι
310 2593 516 2685 Κλεώνυμον
532 2591 683 2684 ανελεῖν,
703 2592 819 2683 ἐπειδή
836 2592 918 2686 πρὸς
931 2589 1015 2682 ἡμας
1033 2601 1164 2716 οἰκείως

193 2691 348 2786 ἔσχεν,
326 2725 353 2815 η
365 2713 503 2769 σκοπεῖν
519 2693 609 2778 ὅπως
626 2703 675 2767 έτι
693 2689 943 2784 βεβαιότερον
924 2697 1009 2784 ημοῖς
1026 2691 1163 2766 αποστε-

194 2795 288 2885 ρήσει
304 2826 373 2868 των
390 2825 504 2869 αυτου.
524 2811 614 2879 τοῖς
637 2793 762 2888 μὲν
721 2825 787 2888 γαρ
803 2793 915 2877 αλλοις
932 2791 1097 2866 κακείνων
1114 2825 1164 2868 ων
1182 2821 1215 2874 1⁹

193 2926 237 2968 αν
265 2894 478 2988 ὀργισθέντες
506 2897 585 2980 τούς
613 2905 758 2980 οἰκείους
787 2893 992 2986 ἀδικήσωσιν
1019 2918 1162 3020 υστερον

192 3001 380 3087 μεταμέλει
397 3027 490 3070 οντοι
508 3001 546 3070 δέ
554 3004 688 3077 ἐκεῖνον
699 2995 963 3088 αποφαίνονσιν,
983 2988 1066 3070 έν
1033 3027 1064 3122 φ
1080 2997 1162 3091 πρὸς

191 3093 277 3189 ἡμας
294 3098 480 3171 οἰκειότατα
505 3104 660 3189 διέκειτο,
684 3104 810 3190 μᾶλλον
827 3102 989 3189 βεβαιουυ
1004 3096 1066 3188 τήν
1090 3106 1162 3168 δια-

190 3200 304 3290 θήκην
321 3197 589 3324 βουλόμενον,“
566 3231 610 3289 ην
625 3199 851 3294 ὀργιζόμενος
838 3199 1044 3290 ἐποιήσατο
1080 3195 1160 3269 ὥστ’

193 3308 225 3372 εί
240 3297 332 3372 καῖ’
313 3318 408 3392 ημεῖς
424 3296 670 3392 ὁμολογήσομεν
687 3330 793 3373 ταυτα
809 3297 903 3373 καὶ
883 3318 979 3391 υμεῖς
996 3296 1092 3371 αὐτοὶ
1109 3326 1161 3370 ιιι-

192 3402 366 3493 στεύσειε,
392 3400 641 3493 ένθυμεῖσθε”
620 3432 671 3474 οτι
693 3402 881 3494 παράνοιαν
904 3398 1011 3473 αὐτου
1026 3429 1088 3489 την
1104 3430 1161 3492 με·

167 3551 173 3584 -,
190 3513 311 3594 γίστηυ
327 3495 420 3575 οὗτοι
438 3527 667 3625 κατηγορουσι.
696 3511 747 3585 τίς
763 3532 828 3593 γαρ
839 3532 882 3572 αν
892 3504 1021 3591 γένοιτο
1038 3531 1161 3592 ταυτης
1178 3523 1212 3577 2⁰

192 3603 294 3697 μανία
316 3600 503 3697 μείζων,”
483 3634 505 3694 η
525 3632 600 3676 τοτε
621 3603 725 3695 μδυ”
704 3633 761 3676 οτε
783 3610 906 3694 Δεινίᾳ
929 3600 1138 3695 διάφορος
1112 3634 1161 3676 ων

188 3700 373 3798 δινγω,’
352 3708 439 3797 ημᾶς
455 3709 565 3788 κακῶς
587 3722 698 3778 ποιεῖν
719 3731 756 3777 τε
779 3706 836 3779 καλ
860 3676 1074 3783 δίαιίθισθιιι
1095 3731 1161 3781 τοι·
