2734 4375
196 400 290 469 μιν.
370 399 461 451 ΠΕΡΙ
478 398 555 449 του
570 397 805 450 ιοιττλετοο
821 396 986 450 τουτου.
1048 404 1156 465 127
1241 373 1249 381 ’

242 567 302 626 τῶν
324 566 377 625 τοῦ
401 539 532 640 ἀδελφοῦ
553 554 708 669 γινομενας
732 561 879 662 παίδων,
889 560 1029 625 ἐκδέδωκε
1050 567 1154 644 Κυρω-

243 650 310 731 νίδη
330 651 373 732 τῷ
393 642 540 729 έκποιήτιρ
562 646 620 730 υιρῐ
638 637 830 748 Ἀριστάρχου
848 637 903 745 τήν
917 644 1029 750 δορατέ
1029 669 1066 725 ρα
1088 646 1155 708 έ·αυ

241 735 306 805 τοῦ,
331 706 583 836 ἐπαγγειλάμενος
591 731 781 811 περιποιῆσαι
794 724 877 791 αῦτω
898 723 950 791 τὸν
966 725 1157 830 Ἀριστάρχου

199 838 225 909 ¹.⁵
241 818 362 896 κλήρου.
399 813 415 878 5
442 809 558 892 δήκαὶ
586 814 747 891 πεποίηκε·
769 794 928 912 γενομένου
937 807 1008 913 γάρ
1025 816 1092 875 υίοῦ
1112 818 1156 898 τῷ

209 899 401 1000 Κυρρινίδη
421 900 539 977 πρῶτον
560 893 650 975 μδν”
633 917 727 999 ονομα
744 920 786 981 τῳ
777 890 943 959 παιδί
912 918 945 959 το
967 900 1020 959 τοῦ
1033 893 1156 960 πάππου
1254 931 1259 948 1

241 962 421 1083 δεδώκασιν,
439 975 663 1082 Ἀρίσταρχον’
649 960 862 1085 ονομάσαντες,
889 977 952 1043 ελτα
972 982 1155 1061 εἰσεποίησεν

240 1060 333 1127 αῦτόν
353 1059 446 1141 εἰς
416 1089 468 1128 τον
489 1068 542 1126 τοῦ
563 1060 688 1127 πάππου
707 1059 834 1126 οἶκον
815 1090 855 1139 ως
877 1060 914 1144 δή
934 1068 1020 1127 τοῦτο
1041 1064 1156 1127 ἐκείνου

239 1146 470 1251 προστάξαντος,
491 1173 540 1211 και
533 1149 766 1232 παραδέδωκεν
783 1141 1042 1249 Ἀριστομένης’
1006 1173 1087 1211 αυτω
1103 1143 1156 1211 τὸν

197 1254 224 1295 ιο
240 1229 309 1295 ὅλον
326 1237 379 1297 τοῦ
399 1230 524 1296 πάππον
545 1238 665 1336 κλῆρον.
710 1234 753 1295 ἔτι
775 1233 808 1297 δέ
826 1240 897 1309 παῖς
918 1258 959 1295 ων
981 1212 1091 1308 έκεῖνδς
1111 1256 1155 1294 τε-

241 1322 351 1380 λεοτῶν
365 1313 550 1397 κληρονόμον
567 1332 643 1379 κατα
630 1310 839 1395 διαθήκαςέ
838 1313 997 1398 νεστήοατο
1009 1312 1062 1379 τδν
1077 1318 1157 1379 ι”διον

225 1394 411 1481 αἰδελρὸνῧ
389 1423 458 1463 ενα
460 1403 564 1463 ί.νετον
592 1399 705 1464 τούτων
723 1397 800 1463 οῦτω
813 1404 999 1503 γενομένων,Ι
1016 1402 1067 1462 καὶ
1085 1423 1156 1503 κρα-

239 1489 361 1560 τοῦντος
388 1485 563 1554 Ξεναινέτου
590 1482 645 1589 τήν
662 1478 875 1595 Ἀριστάρχου
874 1490 929 1548 τοῦ
954 1488 1084 1548 παλαιοῦ
1102 1479 1155 1547 οῦ-

240 1572 322 1649 σίαν,
347 1564 536 1671 ἀμφισβητεῖ
560 1566 634 1651 πρδς
667 1563 758 1631 αῦτὸν
785 1566 802 1632 5
828 1564 894 1645 υιδς
925 1574 980 1649 της
988 1564 1155 1671 θυγατρὸς

197 1675 222 1715 τε
236 1619 427 1757 Ἀριάτάρχου
453 1657 507 1715 τοῦ
527 1657 673 1729 παλαιοῦ,
708 1658 800 1753 λε’γιρν
826 1648 931 1717 έαντδν
958 1650 1051 1735 μόνον
1078 1648 1155 1715 εἷναι

239 1737 421 1842 κληρονόμον
443 1740 562 1811 δικαίως
581 1741 640 1799 τῶν
656 1732 848 1820 Ἀριστάρχου
867 1741 920 1800 τοῦ
939 1743 1068 1799 παλαιοῦ
1083 1761 1154 1818 χρη·
1167 1756 1172 1785 ¹

240 1818 361 1925 μάτων.
391 1846 406 1884 ο
396 1815 483 1903 ’μέν
504 1816 605 1925 γάρ
583 1823 757 1901 Κορωνίδος
779 1822 897 1925 (ρησίν)
919 1820 1073 1899 ἐκποίητος
1078 1820 1153 1919 έγὲ-

238 1929 319 1968 νετο
347 1900 362 1968 5
389 1906 421 1969 δὲ
442 1927 538 2006 πατηρ
559 1899 626 1967 υίδν
650 1906 726 1986 ἔχων
743 1905 867 2006 γοήτων
888 1900 940 1967 τδν
964 1899 1154 2007 Δημοχάρην,

238 1985 292 2053 οῦκ
315 1989 437 2053 έδάνατο
456 1984 548 2053 θετὸν
570 1990 666 2074 ἑαυτῷ
685 1994 807 2092 ποιήσαι
829 1992 935 2051 παῖδα
960 1982 976 2051 5
1000 1988 1032 2051 δὲ
1052 1994 1153 2068 Δημο-

195 2098 222 2141 το
247 2073 339 2181 χάρης
360 2069 464 2175 άτελής
489 2100 531 2137 ων
559 2053 651 2136 οῦδὲ
656 2066 746 2147 αῦτδς
771 2069 895 2137 έδῦνατο
922 2075 1097 2176 είσποιήσαι
1111 2076 1154 2159 τῷ

238 2158 326 2264 πατρὶ
346 2153 436 2222 θετὸν
456 2155 541 2222 υἱόν
568 2151 633 2222 ἄλλ’
662 2154 727 2221 οὐδ’
756 2151 883 2260 ήάλλη
899 2155 1036 2258 θυγάτηρ
1059 2151 1154 2220 αὐτοῦ
1236 2187 1239 2191 ’

155 2286 158 2291 ‹
237 2238 256 2324 5
282 2239 540 2342 προτελευτήσασα.
584 2238 655 2305 ὥστε
683 2238 720 2305 οῦ
747 2236 822 2305 κατά
853 2237 904 2305 τδν
932 2240 1024 2345 νόμον
1050 2242 1153 2344 (φησί)

238 2330 291 2407 τῆς
310 2321 499 2472 εἰσποιήσεως
517 2326 702 2428 γενομένης
696 2331 750 2388 τοῦ
768 2350 875 2406 μικρου
863 2321 1087 2431 Ἀριστάρχου,
1102 2319 1152 2388 οῦ-

238 2412 301 2475 κίτι
312 2413 466 2474 συνίστατο
481 2435 502 2489 η
490 2403 702 2512 ’διαθήκη’
664 2413 772 2486 αυτοῦ,
795 2432 848 2472 του
837 2411 935 2473 νέου
945 2405 1151 2489 Ἀριστάρχου

194 2516 221 2559 ³5
237 2489 258 2558 5
278 2489 336 2596 γάρ
356 2496 415 2593 μή
426 2495 547 2569 δικαίως
574 2489 731 2572 έκτήσατο,
756 2498 820 2568 πῶς
848 2489 928 2579 άλλη)
946 2494 1154 2595 παραπέμπειν

238 2577 376 2655 έδῦνατο;
393 2570 614 2679 ἀναιρουμένης
631 2578 663 2640 δέ
677 2581 731 2657 τῆς
747 2573 896 2657 διαθήκης
908 2557 1063 2650 εἰκότως
1047 2600 1064 2639 ο
1080 2580 1152 2677 κλή-

237 2687 288 2745 ρος
310 2656 400 2737 είς
371 2687 423 2726 τον
443 2663 564 2767 λέγοντα
584 2655 636 2724 τδν
655 2659 744 2744 λογον
763 2661 778 2723 έ
778 2661 896 2742 φέρετο,
919 2653 1025 2724 υίδν”
1008 2684 1080 2723 οντα
1101 2664 1154 2740 τῆς

236 2752 359 2851 γνησίας
375 2741 526 2850 δυγατρδς
542 2741 733 2846 Ἀριστάρχου
752 2769 806 2809 του
792 2749 956 2808 παλαιοῦ.
989 2747 1047 2808 Και
1064 2740 1153 2827 ἡμίν
1267 2749 1270 2756 ’

236 2826 380 2905 ὑπόθεσις
399 2826 491 2911 αῦτη,
510 2826 530 2931 5
551 2828 650 2904 στάσις
666 2831 699 2893 δέ
716 2852 903 2934 πραγματικη
892 2823 1077 2932 ἔγγραφος
1101 2833 1150 2911 ζη-

192 2938 218 2980 ιο
235 2924 282 2978 τεῑ
304 2909 360 2998 γάρ
388 2916 415 2976 εἰ
434 2911 526 2978 δεῖ
495 2942 547 2990 τας
565 2910 702 2988 τοιαῦτας
724 2912 897 2978 συνεστάναι
919 2910 1077 2993 διαθήκας,
1099 2916 1151 2978 καὶ

235 3003 280 3115 τίς
300 2997 467 3115 δικαιότερα
485 3003 570 3082 λέγει.

238 3170 467 3264 Ἐβουλόμην
495 3176 572 3263 μέν,
601 3164 628 3244 οῦ
656 3172 793 3263 ἄνδρες,
823 3172 934 3265 ὥσπερ
956 3181 1152 3256 Ξεναίνετος

190 3271 305 3346 οὑτοσί
324 3273 461 3346 δύναται
479 3279 591 3363 ψευδῆ
606 3278 716 3398 λέγειγ
731 3279 940 3365 θαρραλέως,
959 3271 1045 3344 οὕτω
1063 3269 1152 3360 κάγοδ

191 3372 321 3465 τάληθή
337 3374 419 3464 πρὸς
435 3370 522 3464 ῦμοῖς
532 3366 655 3497 περὶ
626 3403 675 3446 ων
686 3372 1000 3464 άμφισβητοῦμενεί
1000 3390 1076 3444 πεῖν
1094 3379 1151 3443 δυ·

193 3481 352 3563 νηδηναι
378 3477 468 3566 οἶμαι
492 3473 555 3565 γάρ
573 3472 614 3546 διν
631 3471 713 3566 ῦμῐν
731 3472 857 3558 εάθέως
877 3479 978 3562 δῆλον
994 3478 1151 3598 γεγέσθαι

194 3571 299 3642 εἶδ’
281 3594 374 3664 ημεῑς
391 3575 515 3701 ἀδίκως
534 3574 639 3645 ἐπὶ
604 3605 663 3647 τον
661 3574 834 3698 κλήρον”
814 3604 953 3666 ηκομεν,
973 3573 1042 3645 τίδ’
1060 3565 1151 3647 οῦτοι

193 3670 240 3765 μδ
261 3676 491 3765 Μηκόντως
514 3673 672 3747 τάλαινά
689 3674 838 3768 χρήματα
859 3680 963 3749 ταῦτα
986 3675 1149 3768 εἰλήφασι
