2734 4375
182 427 222 490 10
593 413 760 467 Imm*
941 387 948 401 ’
1049 416 1101 471 οι
1120 418 1145 471 1.

182 621 257 684 ριον
278 586 329 660 ὅτι
351 583 432 657 οὐδὲ
455 589 562 655 ταύτα
585 581 759 709 ἔκραξεν
740 589 824 675 ημᾶς
845 585 1007 674 βλαπτειν
1024 588 1146 675 βουλό-

182 711 296 784 μενος
319 684 576 775 τελευτήσαντος
599 683 662 777 γάρ
677 693 818 759 Δεινίου
834 689 956 757 καὶ
908 716 976 759 των
973 690 1147 812 πραγμά-

183 821 251 865 των
262 787 343 881 ημίν
359 791 513 878 πονηροῖς
524 785 665 876 ἐχόντων
680 783 768 859 ούδέ
781 783 982 879 περιεῖδεν
963 791 1047 878 ημάς
1058 785 1144 859 οὐδ’

184 891 260 974 ἑνός
282 887 450 970 wanze*
430 916 546 977 οντας,
568 883 642 959 ἀλλ’
667 883 792 971 αύτούς
808 889 870 978 μέν
887 887 985 971 είς
948 918 1010 978 την
1031 895 1143 960 οἰκίαν

183 992 245 1083 τὴν
262 988 368 1063 αὐτού
379 988 595 1080 κομισάμενος
608 986 834 1078 ἐπαίδευε,
797 1017 860 1079 την
878 986 915 1061 δ’
929 986 1079 1061 ούσίαν’
1060 1018 1142 1079 αφε-

184 1098 303 1166 λέσθαι
324 1096 393 1164 τοῖν
413 1088 566 1259 χρήστων
584 1087 896 1178 ἐπιβουλευσάντων
912 1097 1036 1163 ἔσωσεν
1052 1085 1148 1212 ἡμῖν,

184 1193 372 1288 ἐπεμελεῑτό
382 1220 418 1263 τε
433 1186 494 1280 ὁμο
496 1197 554 1271 ίως
570 1194 640 1262 τοῖν
655 1187 862 1282 ἡμετέρων
835 1212 947 1283 ωσπερ
963 1196 1032 1263 τοῖν
1043 1187 1148 1263 αύτοιῖ

134 1310 165 1363 13
181 1295 392 1418 πραγμύτων.
427 1299 534 1361 καίτοι
551 1288 613 1383 χρὴ
629 1303 790 1383 θεωρεῖν
793 1288 901 1363 αύτοιῖ
915 1321 978 1381 την
996 1291 1149 1364 διάνοιαν

184 1403 220 1470 ἐκ
241 1396 369 1469 τούτων
391 1396 460 1463 τοῖν
482 1399 590 1483 ἐργων
618 1387 787 1482 μοῖλλονἸ
765 1420 787 1483 η
811 1396 849 1464 ἐκ
869 1394 938 1465 τοῖν
961 1398 1148 1484 δινθηκοῖν,

183 1501 240 1571 καὶ
256 1502 444 1585 τεκμηρίοις
466 1496 611 1584 χρῆσθαι
627 1491 683 1583 μὴ
690 1509 759 1574 τοῖς
775 1490 848 1584 μετ’
869 1490 971 1586 ἀργῆς
989 1506 1149 1587 πραχθεῖ-

183 1619 293 1721 «5ch,
287 1600 324 1667 ἐν
351 1590 446 1676 ola*
423 1620 566 1676 απαντες
594 1591 794 1684 πεφύκαμεν
822 1590 1042 1717 ἁμαρτάνειν,
1072 1592 1147 1666 ἀλλ’

184 1694 245 1788 ἀφ’
265 1688 315 1769 νῖν
330 1694 473 1787 ὕστερον
489 1692 642 1787 φανερὰν
663 1723 727 1784 την
733 1691 848 1788 αύτον
837 1694 1021 1767 διάνοιαν
1039 1701 1150 1787 ἐποίη-

184 1820 252 1871 σεν.
294 1806 342 1870 ἔτι
364 1796 428 1890 γὰρ
450 1800 576 1921 μᾶλλον
605 1800 641 1867 ἐν
663 1812 733 1878 τοῖς
755 1781 955 1879 τελευταίοις
981 1797 1149 1886 ἐδήλωσεν

134 1919 166 1971 14
182 1896 228 1983 αῖς
252 1900 318 1991 εἶχε
341 1898 422 2022 πρὸς
445 1895 538 1989 ἡμᾶς.
586 1894 651 1987 ἤδη
674 1894 739 1988 γὰρ
760 1894 917 1973 ἀσθενεῖν
917 1897 1065 2022 ταύτην
1085 1897 1148 1988 την

182 2000 284 2075 νόσον
308 1992 386 2085 ἐξ
364 2004 443 2089 ηςέ
427 1984 654 2088 ἐτελεύτησεν,
673 1997 843 2088 ἐβουλήθη
860 1996 1058 2081 ταύταςτὰς
1076 2005 1147 2121 διρι-

182 2101 291 2191 θηκας
310 2098 446 2172 ἀνελεῖν
463 2102 519 2170 καί
537 2102 716 2191 προσέταξε
723 2097 998 2225 Ποσειδίππῳ
961 2129 1023 2190 την
1039 2096 1148 2221 ἀρχην

184 2211 383 2291 εἰσαγαγεῖν
418 2231 437 2271 ο
426 2197 551 2272 δὲ’
512 2230 553 2272 ου
569 2199 674 2290 μόνον
691 2198 755 2272 ούκ
773 2202 965 2292 εἰσήγαγεν,
989 2197 1072 2272 ἀλλὰ
1089 2205 1148 2272 καί

182 2301 245 2377 τόν,
266 2302 411 2374 ἐλθόντα
433 2306 501 2373 τοῖν
525 2299 698 2391 ἀρχόντων
722 2300 830 2373 ἐπὶ
793 2333 855 2392 την
871 2302 986 2394 θύραν
1002 2298 1147 2424 ἀπέπεμ-

183 2420 255 2489 ψεν,
297 2400 467 2494 ὀργισθεὶς
497 2404 535 2474 δέ
555 2399 662 2497 τούτω
685 2402 886 2494 Κλεώνυμος
908 2403 1009 2475 πόλιν
1031 2402 1122 2486 ἐς
1084 2433 1149 2491 την

90 2587 96 2603 Ι
182 2501 364 2598 ὑστεραίαν
381 2514 521 2576 Διοκλεῖ
534 2507 671 2592 καλέσω
688 2502 765 2586 τούς
782 2502 944 2596 ἄρχοντας
954 2507 1146 2597 προσέταξε·

183 2611 238 2679 καὶ
252 2604 313 2698 ούχ
325 2603 431 2689 οὕτως
449 2603 601 2689 ἀσθενεῖς
614 2612 839 2696 διακείμενος,
857 2602 931 2676 ἀλλ’
951 2613 1000 2678 ἐτι
1016 2610 1149 2677 πολλοῖν

182 2706 295 2779 ούσοῖν
307 2712 452 2779 ἐλπίδων
463 2713 616 2796 ἐξαπίνης
628 2711 687 2795 τῆς
699 2705 818 2787 ννκτός
829 2706 951 2796 ταύτης
968 2702 1147 2780 ἀπέθανεν.

133 2835 166 2888 ιο
258 2811 401 2897 Προῖτον
429 2810 491 2896 μὲν
513 2799 577 2879 ούν
598 2804 681 2896 ύμῖν
709 2810 890 2898 παρέξομαι
911 2807 1079 2900 μάρτυρας
1102 2801 1149 2889 οῖς

182 2902 244 2996 ούγ
267 2902 348 2996 ἡμῖν
373 2910 522 2995 ἐγκαλεῖν
545 2904 628 2977 ἀλλά
644 2914 766 2999 Δεινίᾳ
783 2912 938 2999 πολεμεῖν
953 2908 1074 2991 ταύτας
1091 2906 1150 2989 τὰς

183 3005 349 3096 διαθήκας
369 3011 517 3098 διέθετο,
541 3016 654 3078 ἔπειτα
677 3003 721 3089 οῖς
740 3012 870 3080 ἐκείνου
891 3010 1150 3100 τελευτήσαντος

89 3146 91 3151 ·
183 3106 372 3198 ἐπεμελεῑτό
396 3137 431 3180 τε
453 3113 521 3181 τοῖν
548 3105 719 3201 ἡμετέρων
742 3104 916 3203 ἀπάντων,
945 3113 1002 3200 καί
1027 3108 1151 3193 αύτούς

183 3213 361 3282 ἐπαίδευεν
392 3216 438 3290 είς
466 3208 528 3299 την
555 3217 666 3281 οἰκίαν
694 3238 756 3298 την
785 3206 891 3283 αὐτού
919 3210 1149 3303 κομισάμενος,

180 3309 264 3404 πρὸς
293 3312 331 3384 δὲ
359 3309 487 3394 τούτοις
516 3307 560 3394 οῖς
583 3318 815 3383 Ποσείδιππον
837 3321 985 3405 ἐπεμψεν
1014 3311 1126 3384 ἐπὶ
1089 3341 1151 3383 τον

181 3407 387 3505 ἀστυνόμον,
416 3401 512 3496 οὗτος
541 3409 573 3482 δ’
604 3408 646 3482 ού
674 3411 779 3503 μόνον
809 3412 908 3497 αύτός
936 3412 1000 3486 οὐκ
1024 3412 1150 3484 είσεκά-

183 3519 295 3604 λεσεν,
320 3511 414 3590 ἀλλά
426 3516 483 3585 καί
506 3512 648 3585 ἐλθόντα
666 3512 775 3586 ἐστὶ
738 3544 800 3606 την
815 3514 930 3607 θύραν
944 3512 1149 3635 Ἀρχωνίδην

134 3625 167 3678 ιδ
183 3606 386 3703 ἀπέπεμψεν
429 3611 484 3699 Ὡς
512 3606 575 3688 ούν
604 3611 717 3708 ἀληθῆ
745 3621 864 3705 λέγω,“
876 3615 969 3687 κάλει
992 3647 1048 3727 μοιΙ
1071 3613 1150 3697 τούς

182 3740 361 3806 μθτυθαί·
