2734 4375
248 434 310 500 130
659 424 789 478 ΙΣΔΙΟΤ
1017 422 1020 427 '
1097 428 1154 482 01.¹
1175 429 1214 488 1⁰.

244 596 511 716 Ἀριστάρχου
479 625 525 667 τω
513 600 615 666 υίεί
636 595 829 687 Δημοχάρει
851 596 1105 688 καταλιπόντος,
1132 603 1215 671 ἐκεί·

246 728 308 772 νου
332 698 370 768 δὲ
391 701 433 788 τῇ
455 693 586 787 ἀδελφή
606 710 648 787 τη
636 699 795 767 ἑαυτοῦ
815 696 937 815 ταύτῃ,
949 699 1059 819 μητρὶ
1081 700 1124 769 δὲ
1143 705 1214 792 ἐμῇ.

248 806 301 870 δελ
322 801 376 888 δέ,
401 796 516 885 ἐπειδὴ
539 806 615 868 λίαν
632 794 926 886 ἀναισχυντοῦσιν,
951 825 977 867 ω
964 787 1141 889 ἄνδρες,
1160 804 1216 872 καί

246 897 286 970 τά
301 897 451 1022 χρήματα
474 895 563 988 παρά
584 895 621 967 τό
645 904 776 967 δίκαιον
798 905 885 1022 ἔχειν
909 895 1053 988 άξιοῦσι,
1084 913 1217 988 μαθεῐν

245 996 331 1089 ὑμεῖς
349 995 394 1080 ὡς
410 995 494 1069 οὐδὲ
516 994 595 1068 καθ’
620 1001 679 1069 ἕνα
702 997 806 1088 νόμον
826 995 1035 1089 Ἀρίσταρχος
1060 1007 1114 1081 είς
1136 1000 1217 1102 τους

245 1100 411 1193 φράτορας
428 1097 505 1180 τούς
530 1102 659 1169 ἐκείνου
682 1102 843 1186 εἰσῆκται
868 1095 981 1170 ἐάν
941 1127 1006 1188 γαρ
1027 1103 1133 1171 τοῦτο
1156 1102 1216 1192 μά-

246 1213 346 1290 θητε,
365 1201 480 1290 σαφως
499 1196 668 1270 είσεσθε”
648 1227 699 1268 οτι
715 1203 764 1291 τῷ
779 1196 824 1287 μή
844 1205 978 1279 δικαίως
997 1206 1109 1288 ἔχοντι
1134 1200 1217 1273 οὐδὲ
1257 1238 1259 1299 χ

211 1308 457 1373 οδιατίθεσθαι
487 1302 563 1389 περὶ
596 1297 709 1370 αὐτῶν
737 1302 913 1389 προσῆκεν
963 1298 1064 1422 Οἶμαι
1094 1311 1217 1374 τοίνυν
1257 1322 1259 1387 1

246 1401 373 1482 πάντας
394 1396 481 1489 άμάς
505 1403 645 1489 εἰδέναι,
670 1428 696 1469 ω
684 1389 892 1490 άνδρες,”
874 1428 925 1471 οτι
942 1397 1024 1469 κατά
1041 1402 1217 1492 διαθήκας

246 1508 284 1572 αί
305 1502 483 1588 είσαχωχαὶ
506 1528 574 1570 των
605 1499 803 1588 είσποιήτων
824 1507 1012 1590 γίγνονται,
1045 1501 1217 1576 διδόντων

245 1599 286 1672 τά
304 1604 434 1671 ἑαυτῶν
451 1603 506 1670 καὶ
523 1605 608 1682 υίεϊς
625 1603 850 1690 ποιουμένων,
873 1599 981 1680 άλλως
1006 1601 1044 1670 δὲ
1061 1598 1130 1673 οὐκ
1149 1610 1215 1688 ίξε

246 1722 328 1773 στιν.
372 1711 437 1771 εἴτε
455 1690 518 1772 οὖν
533 1698 745 1792 Ἀρίσταρχον
768 1700 867 1790 φήσει
893 1730 943 1781 τις
965 1697 1071 1772 αὐτὸν
1096 1709 1214 1777 διαθέ·

245 1815 342 1892 σθαι,
361 1799 423 1873 οὐκ
440 1799 552 1890 άληθη
568 1806 667 1886 λέξει·
686 1810 826 1890 γνησίου
843 1799 907 1892 γάρ
917 1798 1012 1881 ὄντος
1030 1799 1128 1895 αὐτῷ
1145 1819 1214 1895 Δη-

246 1902 411 1995 μοχάρους
433 1906 523 1984 υίίος
535 1900 612 1974 οὔτ’
632 1898 674 1973 άν
693 1902 847 1991 ἐβούλετο
870 1906 977 1973 ταῦτα
993 1902 1213 1996 mamaea,

246 2002 323 2075 οὔτε
348 2008 423 2092 ίξῆν
448 2007 565 2074 δουναι
582 2001 622 2072 τά
641 2007 764 2072 ἑαυτοῦ
782 2005 897 2095 ἑτέρῳ·
916 2013 982 2072 είτε
996 1999 1214 2098 Ἀριστάρχου

245 2103 502 2192 τελευτήσαντος
524 2101 728 2193 Δημοχάρην
761 2098 863 2172 αὐτὸν
897 2102 1121 2195 ποιήσασθαι,
1157 2110 1211 2177 καί

198 2224 230 2276 10
246 2207 350 2273 ταῦτα
372 2201 560 2286 ψεύσονται.
602 2201 721 2285 παιδὸς
744 2202 808 2293 γάρ
832 2201 895 2273 οάκ
919 2210 1023 2289 ἔξεστι
1041 2207 1214 2297 διαθήκην

246 2306 420 2393 γενέσθαι·
444 2298 462 2373 6
485 2300 549 2394 γάρ
571 2302 671 2394 νόμος
697 2303 882 2395 διαρρήδην
905 2304 1027 2376 κωλύει
1051 2311 1152 2377 παιδὶ
1170 2306 1214 2398 μή

248 2408 368 2489 ἐξεῖναι
386 2403 589 2493 συμβάλλειν
603 2406 688 2495 μηδὲ
703 2408 838 2494 γυναικὶ
856 2408 941 2496 πέρα
957 2412 1124 2495 μεδίμνου
1144 2437 1214 2500 κρι-

246 2510 329 2577 θῶν.
376 2504 628 2629 μεμαρτύρηται
657 2507 695 2575 δὲ
721 2502 933 2596 Ἀρίσταρχον
959 2507 1022 2595 μὲν
1048 2506 1216 2600 πρότερον

247 2605 465 2698 Δημοχάρους
487 2609 548 2676 τοῦ
570 2610 659 2687 υίίος
676 2610 887 2694 τελευτησαι,
913 2610 1041 2677 ἐκείνου
1059 2606 1141 2677 δὲ”
1118 2631 1214 2680 υστε·

248 2734 308 2797 ρον
330 2708 391 2777 τοῦ
413 2705 551 2797 πατρός·
583 2703 670 2777 ὥστε
698 2706 780 2777 κατά
802 2735 842 2794 γε
865 2705 1032 2795 διαθήκην
1060 2711 1214 2801 ἐκείνων,

160 2867 162 2872 .
248 2802 323 2875 οὐδ’
344 2814 375 2876 εί
361 2810 542 2878 ίδιίθευτο
560 2828 727 2899 προσηκεν
750 2804 842 2899 αὐτῷ
857 2806 986 2877 τοάτων
1002 2811 1070 2928 τρδν
1085 2810 1215 2930 χρημά-

248 2933 315 2974 των
319 2908 590 3027 κληρονομῆσαι.
629 2905 817 2995 Ἀνάμυωθι
841 2906 883 2995 δη
906 2911 962 2978 καὶ
978 2907 1057 2990 τούς
1073 2907 1214 3001 νόμους,

247 3000 329 3075 καθ’
347 3000 406 3086 ους
423 3002 643 3099 οάδετίρῳ’
601 3036 713 3077 αυτων
727 3010 802 3102 ἐξην
815 3007 978 3097 διαθήκας
996 3008 1212 3097 ποιήσασθαι.

663 3171 792 3223 ΝΟΜΟΙ.

198 3326 229 3378 11
326 3307 378 3381 Οά
399 3318 533 3435 τοίνυν,
558 3340 584 3380 ω
573 3301 741 3403 άνδρες,
766 3308 848 3382 ουδὲ
865 3319 1068 3404 Κυρωνίδην
1085 3310 1159 3385 οἷόν
1178 3344 1215 3386 τε

249 3399 292 3499 ἦν
308 3407 408 3481 υίόν’
403 3411 597 3505 Αριστάρχω
616 3418 813 3501 είσποιησαι,
833 3410 907 3483 ἄλλ’
926 3411 1019 3507 αὐτῷ
1035 3444 1097 3503 μεν
1112 3419 1214 3487 ἐπαν-

251 3519 364 3601 ελθεῖν
387 3518 433 3593 είς
456 3511 515 3583 τόν
538 3517 690 3641 πατρῷον
709 3515 862 3598 ·ἐξοίκον
830 3518 921 3604 ἐξην,
946 3485 1023 3585 υίάν
1041 3519 1215 3603 ἐγκαταλι-

249 3608 353 3680 πόντα
371 3616 471 3682 ἐν
423 3641 469 3706 τρι
480 3615 678 3694 Ξεναινέτου
696 3626 795 3707 οίκιμ,
816 3619 847 3698 ἐξ
865 3612 969 3685 αὐτου
959 3618 1024 3683 δέ
1037 3645 1112 3687 τινα
1130 3613 1213 3704 άχα·

249 3721 322 3798 μείν
342 3707 405 3782 οάκ
428 3720 496 3785 ἔστι
512 3713 626 3803 νόμος·
650 3711 748 3803 ἢίάν
764 3720 869 3805 φαῖσι,
892 3713 1081 3799 ψεύσονται.
1121 3714 1214 3789 ὅστε
