2734 4375
106 3624 114 3637 Q

268 416 309 480 80
681 409 812 463 mm
1128 410 1183 465 Οι.
1201 411 1228 463 6.

269 577 350 676 ήκεν
366 574 409 655 οὐ
426 583 561 673 ἐξώρμει
578 578 598 670 ή
616 583 715 669 ναύς,
742 585 798 651 καὶ
814 580 944 672 γράψας
967 580 1161 704 διαθήκην,
1174 578 1229 670 ἐφ’
1260 636 1262 645 ,

211 682 319 766 ῖς
346 682 499 772 εἰσήγαγε
528 680 586 754 τόν
612 683 732 770 παῖδα,
758 690 970 753 κατατίθεται
995 680 1076 770 μετά
1100 680 1232 753 τούτων

220 801 254 855 28
269 813 359 876 παρα
348 781 576 906 Πυθοδώρῳ
601 793 776 871 Χηφισιετ,
803 780 1002 872 προσήκοντι
1028 777 1127 874 αὐτῷ.
1173 787 1230 854 καλ

271 883 321 957 ότι
338 888 417 974 μέν,
436 913 462 954 ω
505 880 642 973 ἀνδρες,
669 878 731 971 οὐχ
749 910 793 963 ως
810 885 887 973 περὶ
903 890 1088 971 γνησίων”
1069 910 1232 1007 επραττεν

270 982 471 1075 Εὐκτήμων,
501 980 521 1054 6
548 980 745 1105 Ἀνδροκλῆς
775 982 1022 1105 μεμαρτύρηκε,
1060 986 1117 1052 καὶ
1149 981 1232 1056 αὐτό

269 1089 367 1157 τούτο
393 1083 509 1156 ἱκανόν
532 1082 725 1175 τεκμήριον
753 1100 821 1165 τοῖς
845 1081 909 1173 γάρ
926 1082 1027 1171 φύσει
1044 1080 1214 1154 υἱέσιν
1171 1114 1231 1154 αυ·
1280 1155 1282 1161 ⁴

270 1181 459 1267 τούὀύδεὶς
470 1182 586 1256 οὐδενὶ
605 1189 641 1254 έν
659 1181 805 1274 διαθήκη
816 1182 1046 1275 γράφειδόσιν
1055 1180 1230 1275 οὐδεμίαν,

273 1286 356 1357 διότι
372 1282 390 1356 ὁ
407 1285 506 1375 νόμος
524 1282 622 1366 αὐτός
631 1280 817 1354 ἀποδίδωσι
826 1287 874 1376 τῷ
887 1289 959 1353 υίεί
972 1281 1014 1355 τά
1030 1289 1091 1354 τού
1106 1283 1231 1376 πατρός

271 1390 327 1458 καὶ
344 1382 425 1456 οὐδὲ
443 1389 622 1457 διαθέσθαι
640 1387 678 1476 έηῖ
693 1381 760 1477 ότηι
775 1380 819 1455 ἀν
836 1377 897 1455 οἷσι
913 1390 1030 1464 παῖδες
1047 1383 1187 1473 γνήσιοι.

220 1508 254 1562 29
346 1489 511 1574 Χειμένου
529 1487 567 1556 δὲ
578 1486 640 1555 τού
649 1493 875 1607 γραμματείου
892 1481 1012 1574 σχεδόν
1030 1481 1086 1554 δύ’
1105 1493 1162 1575 έτη
1175 1491 1230 1557 καλ
1274 1540 1277 1547 ·

271 1610 331 1657 του
318 1589 491 1676 Χαιρέου
507 1584 795 1709 τετελευτηκότρς,
812 1581 1088 1707 ὑποπεπτωκότες
1099 1591 1231 1656 οιδε
1189 1616 1230 1678 τη

245 1683 456 1779 ἀνθρώπῳ,
483 1682 581 1757 καθ’
564 1713 709 1809 ρρωντες
734 1681 965 1809 ἀπολλύμενον
988 1682 1047 1757 τόν
1063 1686 1158 1758 οἶκον
1175 1691 1231 1757 καὶ

270 1784 308 1857 τό
333 1789 437 1877 γήρας
461 1790 518 1858 καὶ
543 1785 605 1876 τήν
629 1784 748 1884 ἄνοιαν
772 1815 832 1857 του
820 1784 1082 1875 Εὐκτήμονος,
1109 1785 1169 1858 ότι
1178 1799 1229 1876 ελη

220 1910 254 1964 30
271 1883 383 1969 αὐτοῖς
410 1884 554 1977 ίκανή’
534 1887 683 1978 αφορμή,
710 1896 989 1959 συνεπιτίθενται
1024 1891 1081 1958 καὶ
1098 1916 1228 1979 πρωτον

270 1989 332 2078 μέν
349 1987 555 2060 πείθουσι
521 2017 581 2058 τον
597 1985 797 2076 Εὐκτήμονα
814 1985 875 2076 τήν
891 1989 953 2078 μὲν
971 1985 1172 2110 διαθήκημ’
1152 2017 1227 2058 ανε-

271 2098 343 2159 λεῖυ
369 2117 413 2169 ως
430 2085 471 2159 οὐ
487 2095 651 2177 χρησίμην
667 2078 774 2156 οὐσαυ
790 2104 859 2169 τοῖς
877 2095 985 2158 παισί·
1011 2093 1069 2177 τῆς
1085 2085 1147 2180 γάρ
1164 2118 1227 2178 φα·

269 2193 368 2276 νεράς
392 2185 508 2269 οὐσίας
532 2183 658 2259 οὐδένα
682 2187 800 2278 κόριον
822 2196 959 2260 ἔσεσθαι
975 2188 1229 2279 τελευτήσαντος

229 2344 240 2364 ,
270 2284 484 2378 Εὐκτήμονος
500 2285 602 2358 ἀλλον
618 2284 639 2377 ή
656 2286 715 2369 τάς
730 2293 918 2380 θυγατέρας
934 2293 991 2361 καὶ
1008 2289 1085 2372 τούς
1104 2295 1140 2362 ἐκ
1156 2291 1230 2362 τού-

270 2418 338 2460 των
362 2386 554 2478 γεγονότας·
581 2396 613 2460 εί
638 2390 676 2459 δὲ
692 2384 896 2479 ἀποδόμενός
917 2420 950 2462 τι
965 2395 1034 2462 τοῖν
1049 2389 1158 2467 ὄντων
1174 2388 1230 2482 ἀρ

220 2506 252 2559 31
270 2489 389 2581 γύριον
400 2499 585 2579 καταλίποι,
600 2494 698 2561 τούτο
716 2496 860 2578 βεβαίως
872 2495 958 2575 ἕξειν
975 2488 1104 2573 αὐτούς.
1131 2489 1231 2563 ἀκού·

270 2613 332 2673 σας
357 2588 389 2660 δ’
413 2586 432 2662 ό
454 2587 643 2681 Εὐκτήμων
666 2587 773 2671 εὐθύς
795 2587 913 2683 ἀπήτὲι
934 2589 993 2663 τόν
1017 2591 1231 2681 Πυθόδωρον

270 2690 307 2761 τό
324 2708 561 2781 γραμματεῖον,
580 2694 636 2761 καὶ
652 2696 914 2782 προσεκαλέσατο
933 2700 980 2773 είς
997 2696 1157 2782 έμφανύν
1172 2722 1230 2763 κα-

270 2789 436 2862 τάοτασια
472 2790 693 2873 καταστάντος
706 2793 744 2862 δὲ
756 2796 826 2863 ἐκεί
811 2800 885 2864 ίνου
902 2791 984 2883 πρός
1000 2790 1059 2863 τόν
1075 2790 1228 2886 ἄρχοντα,

220 2906 254 2960 32
272 2888 420 3011 §aegest
402 2919 452 2961 οτι
470 2888 616 2979 βούλοιτ’
635 2888 868 2962 ἀνελέσθαι
831 2922 893 2981 την
912 2892 1087 2982 διαθήκην
1117 2892 1229 2983 ἐπειδή

143 3024 145 3029 ·
273 2984 340 3059 δ’
324 3017 343 3059 ο
360 2990 569 3081 Πυθόδωρος
587 2993 756 3085 ἐκείνω
720 3022 782 3081 μεν
799 2995 854 3063 καλ
871 3021 917 3063 τω
906 2992 1152 3087 Φανοστράτω
1169 3020 1230 3064 πα-

272 3088 364 3182 ρόντι
381 3085 541 3179 ὡμολόγει
557 3087 725 3181 ἀναιρεῖν,
742 3120 803 3163 του
791 3094 859 3164 δὲ
870 3098 1014 3184 Χαιρέαν
1030 3098 1093 3166 τοῦ
1108 3115 1230 3183 συγκα-

271 3193 457 3280 ταθεμένου
478 3190 632 3314 θηγάτηρ
649 3183 693 3281 ήν
710 3200 786 3282 μία,
812 3183 852 3281 ής
871 3192 1046 3284 έπειδή’
1002 3224 1116 3285 κυριος
1132 3224 1231 3265 κατα-

273 3299 384 3381 σταίη,
410 3289 485 3362 τότε
509 3287 605 3379 ήξίον
629 3288 779 3381 ἀνελεῖν,
806 3290 895 3364 καὶ
878 3323 897 3365 ο
914 3292 1025 3386 ἀρχων
1042 3293 1148 3377 οὕτως
1166 3300 1231 3384 byc-

272 3413 418 3481 γνωσκε,
457 3390 820 3511 διομολογησάμενος
803 3424 822 3466 ο
854 3392 1040 3487 Εὐκτήμων
1079 3400 1232 3519 έγαντίον

272 3497 334 3563 τού
366 3490 521 3614 ἄρχοντος
555 3495 610 3563 καὶ
644 3522 712 3564 των
734 3499 911 3587 παρέδρων
933 3500 990 3568 καλ
1012 3495 1231 3587 ποιησάμενος

273 3589 414 3674 πολλούς
425 3591 593 3685 μάρτυρας
611 3588 656 3675 ός
672 3590 783 3666 οὐκέτ’
802 3593 893 3690 αὐτω
880 3594 1051 3669 κέατο
1032 3627 1054 3721 η
1073 3595 1230 3687 διαθήκη,

217 3703 251 3759 ³³
268 3686 368 3785 ρόχετο
379 3689 497 3765 ἀπιόν.
523 3696 579 3766 καὶ
591 3687 627 3766 έν
643 3692 734 3768 πάνυ
739 3694 851 3797 ὀλίγη)
868 3695 989 3791 χρόνῳ,
1007 3689 1113 3792 οὐπερ
1130 3702 1230 3770 ἕνεκα
