2734 4375
186 426 206 489 g
328 402 333 409 '
612 417 744 471 umor
1059 423 1143 477 οι.ι

184 592 312 664 τούτων
333 586 483 673 ἀξιοῦσιν
505 586 590 678 ἡμεῖς
615 591 670 659 καί
693 593 761 658 τεόν
783 584 1072 683 ὁμολογουμένων,
1098 588 1147 670 τόν

185 691 388 781 Κλεώνυμος
406 695 598 812 κατέλιτεγ,
621 685 735 770 αύτοῖς
754 688 902 780 [τούτων]
923 700 1145 784 ἰσομοιρησαι·

185 784 277 864 ούτοι
301 795 338 863 δέ
362 799 408 873 εςί
430 797 527 862 τούτο
549 788 688 879 ἥκουσιν
710 786 959 883 ἀναισχυντίας,
982 816 1066 864 ωστε
1088 802 1145 867 καί

184 892 225 965 τὰ
243 897 379 1014 τατρρῐα
397 896 668 1014 τροσαφελέσδαι
686 888 869 980 ζητούσιν’
851 897 952 983 ημᾶς,
969 892 1031 965 ούκ
1047 893 1143 986 ἄγνο-

185 1000 317 1084 ούντες,
337 1023 363 1064 ω
352 985 519 1085 ἄνδρες,
537 991 574 1063 τό
594 999 742 1081 δίκαιον,
765 989 849 1064 ιῖλλόι
865 992 990 1120 αολληγ
1008 999 1144 1087 ἐρημίαν

149 1092 279 1219 σῆμοὸγ
302 1095 529 1219 καταγνόντες.
571 1092 804 1176 σκέψασθε
764 1123 828 1184 γαρ
851 1091 944 1175 οἷς
926 1095 1071 1187 εκότεροι
1094 1127 1145 1168 ιιι-

183 1196 357 1278 στεύοντες
373 1192 418 1278 ὥς
435 1191 520 1286 ύμιίς
541 1192 817 1318 εἰσεληλύθαμεν
840 1185 933 1266 ούτοι
950 1198 1013 1285 μὲν
1031 1199 1147 1287 διαδη-

183 1295 513 1388 καιςίσχυριζόμενοι
531 1293 714 1421 τοιαύταις,
737 1325 775 1376 ας
794 1299 919 1376 ἐκεῖνος
939 1301 1123 1370 διέθετο
1087 1330 1149 1388 μεν

183 1396 245 1490 ούχ
268 1396 349 1487 ἡμῖν
372 1401 522 1486 ἐγκαλῶν
544 1393 619 1467 αλλ’
642 1393 813 1487 ὀργισθεὶς
835 1425 903 1467 των
924 1405 1059 1470 οἰκείων
1082 1405 1147 1471 τινὶ

182 1504 251 1570 τῶν
275 1496 459 1589 ἡμετέρων,
483 1506 581 1570 ἔλυσε
605 1500 643 1568 δί
660 1495 725 1589 κρδ
747 1502 809 1568 τού
823 1497 993 1588 θανάτου,
1018 1504 1149 1592 πέμψας

149 1626 166 1676 4
183 1607 414 1673 Ποσείδιππον
438 1602 491 1670 έτιί
515 1598 577 1688 τὴν
594 1596 715 1691 ἀρχήν·
741 1594 836 1690 ἡμεῖς
854 1600 892 1671 δὲ
908 1603 998 1689 γένει
1015 1603 1078 1692 μὲν
1097 1608 1148 1692 έγ-

182 1699 313 1791 γυτιίτω
342 1699 581 1792 προσήκοντες,
608 1699 772 1791 χρύμενοι
802 1702 840 1771 δί
869 1705 986 1795 ἐκείνω
1013 1702 1148 1775 πάντων

182 1801 382 1893 οἰκειότατα,
407 1801 605 1874 δεδωκότων
629 1799 661 1872 δ’
680 1797 834 1892 ἡμῖνκαὶ
851 1806 919 1873 ταῖν
935 1802 1049 1894 νόμων
1066 1803 1149 1875 κατοί

182 1902 244 1993 ’τὴν
267 1901 458 1995 ἀγχιστείαν
481 1907 536 1974 καί
565 1900 672 1974 αὐτοῦ
692 1907 755 1973 τού
777 1902 985 1994 Κλεωνύμου
1009 1902 1065 1975 διδ
1086 1905 1149 1996 τὴν

89 2043 93 2050 ·
183 2013 300 2096 φιλίαν
311 2003 373 2094 τὴν
389 2001 606 2096 ὑπάρχουσαν
617 2000 723 2096 αὐτῷ,
743 2011 790 2073 έτι
809 2006 847 2073 δὲ
859 2004 1071 2095 Πολυάρχου,
1089 2013 1150 2077 τού

183 2105 306 2196 πατρός
322 2110 384 2176 τοῦ
400 2104 624 2195 Κλεωνύμου,
643 2102 781 2174 κόκκου
801 2100 835 2173 δ’
852 2099 1029 2198 ἡμετέρου,
1048 2131 1147 2199 κροσ-

181 2205 349 2294 τάξαντος,
369 2218 402 2276 εἰ
411 2236 443 2277 τι
460 2206 565 2278 κάδοι
584 2203 785 2294 Κλεώνυμος
804 2203 916 2295 ἄπαις,
934 2202 1015 2298 ἡμῖν
1029 2214 1147 2281 δουναι

147 2324 164 2376 5
182 2304 222 2377 τὰ
240 2302 352 2377 αὑτοῦ.
388 2306 558 2378 τοσούτων
575 2316 692 2378 τοίνυν
708 2301 790 2396 ἡμῖν
806 2302 1027 2399 ὑπαρχόντων
1043 2301 1146 2400 ούτοι,

182 2410 238 2480 καλ
255 2406 457 2498 συγγενεῖς”
438 2437 532 2490 οντες
548 2411 602 2479 καί
619 2405 723 2480 οὐδέν
741 2414 871 2480 δίκαιον
882 2418 989 2481 εἰπεῖν
1006 2418 1147 2502 ἔχοντες,

181 2506 245 2582 ούκ
262 2507 475 2602 αἰσχύνονται
492 2510 757 2601 καταστήσαντες
771 2506 856 2601 ἡμεῖς
875 2507 958 2592 εἰς’
939 2539 1053 2599 αγωνα
1069 2517 1147 2603 περὶ

143 2674 146 2678 .
182 2611 327 2703 τούτων,
353 2603 481 2736 περὶ
453 2642 501 2686 ων
520 2610 657 2705 αἰσχρόν
680 2641 724 2734 ην
741 2607 988 2703 ἀμφισβητῆσαι
1005 2616 1147 2695 καὶτοῖς

147 2715 286 2834 δμηδίν
308 2713 542 2806 προσήκουσιν.
586 2711 657 2808 Οὐχ
685 2708 806 2803 ὁμοίως
831 2716 870 2783 δέ
889 2742 944 2804 μοι
970 2719 1145 2838 δοκούμεγ,

181 2801 211 2882 ιό
232 2809 369 2902 ανδρες,
395 2821 585 2886 διακεῖσθαι
609 2810 692 2902 πρός
709 2809 880 2900 ἀλλήλους
923 2813 987 2903 ἐγω
1004 2814 1121 2905 μὲν
1082 2846 1146 2906 γαρ

180 2908 242 3002 ούχ
265 2909 316 2982 ὅτι
333 2909 457 2995 ἀδίκως
480 2911 685 3001 κινδυνεύω,
709 2910 809 2983 τουτί’
833 2910 975 3004 ἡγοῦμαι
993 2920 1147 3018 μέγιστον

182 3011 308 3136 εἰνριι
297 3040 365 3082 των
393 3013 569 3105 παρόντων
596 3042 725 3102 κακων,
760 3010 913 3085 ἀλλ’ὅτι
947 3011 1146 3109 ἄγωνιζομαι

182 3111 264 3239 πρός
286 3121 446 3205 οἰκείους,
478 3111 536 3197 οὓς
560 3112 636 3187 οὐδ’
661 3111 850 3206 ἀμύνεσθαι
868 3122 976 3199 καλως
999 3121 1080 3208 ἔχει
1105 3117 1146 3190 ού

98 3253 105 3260 -
181 3213 245 3342 γίιρ
274 3207 317 3286 ἂν
347 3214 468 3310 ἐλάττω
493 3213 670 3309 συμφορὰν
692 3212 881 3339 ἡγησαίμην
904 3248 1014 3301 κακως
1037 3238 1147 3293 ποιεῖν

179 3317 318 3400 τούτους
340 3313 613 3443 ἆμννόμεγος,ο
595 3315 781 3399 οἰκείους”
763 3347 877 3441 ογτος,
906 3349 928 3409 η
951 3349 1060 3403 κακως
1082 3350 1145 3393 ιτα-

145 3427 260 3508 Ἰδεῖν
289 3415 370 3505 ἐξ’
349 3421 452 3510 αρχῆς
480 3413 547 3490 ύτό
575 3418 718 3490 τούτων.
750 3447 844 3491 ουτοι
868 3417 902 3491 δ
926 3418 968 3491 ού
989 3422 1146 3547 τοιαύτην

183 3503 342 3610 ἰχονσι
304 3551 366 3610 την
379 3518 527 3612 γνώμην,
545 3517 620 3590 ἄλλ’
643 3517 695 3612 {⁹
670 3543 812 3609 ηκουσιν
825 3518 917 3611 έφΗ
898 3551 982 3612 ημας
994 3526 1050 3593 καί
1067 3522 1146 3605 τούς

180 3627 301 3708 φίλους
324 3623 611 3714 παρακαλέσαντες
640 3625 696 3692 καί
725 3621 864 3715 ῥήτορας
892 3645 1145 3714 παρασκευασα-

182 3746 277 3809 μενοι
295 3723 350 3791 καί
367 3719 470 3796 οὐδὲν
487 3718 723 3806 όιτολείιτοντες
744 3727 802 3811 τῆς
819 3717 933 3795 αύτιύν
957 3722 1143 3816 δυνάμεως,
