2734 4375
699 257 728 315 Ι

171 372 271 425 om.
345 371 433 421 ΠΕΡΙ
450 370 526 422 ΤΟΥ
544 368 780 421 mamm
798 370 963 423 ΚΛΗΡΟΤ.
1027 434 1029 437 y
1090 379 1129 439 17

173 540 231 623 τάς
250 543 286 612 δὲ
303 541 482 630 διαθήκας,
506 537 558 621 αἷς
579 530 672 611 ούτοι
694 540 903 622 πιστεύοντες
925 537 1010 631 ήμάς
1031 563 1128 613 συκο-

174 646 371 763 φαυτούσιγ,
409 638 521 721 οὐδεὶς
554 636 657 728 ύμοῐυ·
683 640 756 710 οἶδε
789 650 906 731 κυρίας
921 645 1126 763 γφομένας.

174 751 284 813 ἔπειτα
305 740 366 830 τήν
396 743 457 831 μὲν
479 736 644 830 ἡμετέραν
670 744 867 862 συγγένειαν
895 738 1051 831 εὑρήσετε
1072 746 1128 813 καὶ

172 839 250 932 παρ’
275 839 387 962 αύτάγ
410 845 478 910 τάν
501 836 680 911 ἀντιδίκων
703 836 984 930 ὁμολογουμένην,
1006 840 1064 923 τάς
1092 844 1130 913 δὲ
1161 907 1164 910 ,

171 937 373 1030 διαθήκας
350 937 417 1062 υφ’
437 935 533 1067 ήμων
550 936 876 1029 ἀμφισβητουμένας·
899 931 991 1011 ούτοι
1012 941 1075 1063 γὰρ
1091 941 1129 1013 τδ
1214 970 1216 980 ·

169 1041 304 1114 ἀνελεῖν
317 1038 418 1121 αύτάς
436 1044 566 1110 ἐκείνου
578 1043 785 1128 βουλομένου
798 1039 1013 1111 διεκώλυσαν.
1043 1040 1128 1115 ὥσθ’
1146 1058 1179 1109 43

170 1139 264 1232 ύμῖν,
284 1171 310 1210 ω
299 1133 459 1232 ἀνδρες,
477 1138 563 1211 πολύ
581 1139 718 1211 κάλλιόν
735 1145 802 1218 Ιἐστι
819 1149 1033 1229 ψηφίσασθαι
1049 1140 1131 1215 κατά

170 1242 208 1313 τό
232 1247 327 1329 γένος
349 1240 384 1311 τό
408 1237 488 1331 παρ’
518 1238 715 1333 ἀμφοτέρων
743 1237 839 1331 ήμῶν
865 1238 1131 1332 ὁμολογούμενον

170 1347 297 1431 μᾶλλον
314 1338 335 1429 ή
354 1338 435 1411 κατά
452 1340 510 1421 τάς
529 1340 692 1430 διαθήκας
710 1339 767 1421 Ιτδις
784 1339 825 1411 ού
844 1348 980 1423 δικαίως
996 1369 1130 1431 γεγενη,

171 1446 280 1531 μένας.
317 1439 397 1527 πρός
415 1443 452 1511 δὲ
469 1441 596 1529 τούτοις
615 1441 829 1530 ἐνθυμήθητε
845 1438 895 1512 ὅτι
914 1440 1015 1525 αύτάς
1034 1450 1131 1513 ἔλυσε

172 1544 234 1631 μὲν
245 1542 442 1632 Κλεώνυμος
461 1533 500 1611 εύ
519 1546 671 1632 φρονῶν,
692 1545 822 1613 διέθετο
835 1544 873 1612 δὲ
888 1540 1057 1632 ὀργισθεὶς
1074 1546 1130 1613 καὶ

172 1640 236 1712 ούκ
252 1640 361 1731 ὀρθοῖς
383 1641 637 1732 βουλευόμενος·
680 1639 766 1711 ὥστε
783 1642 918 1713 κάυτων
934 1640 976 1714 ἀν
995 1656 1046 1732 εἴη
1065 1651 1130 1714 δει-

172 1742 323 1832 νότατον,
348 1751 380 1813 ελ
395 1745 601 1833 κυριωτέραν
618 1739 724 1812 αύτού
740 1740 802 1830 τήν
818 1740 922 1831 ὀργήν
938 1741 959 1831 ή
975 1742 1038 1834 τήν
1061 1744 1138 1814 διά-“

170 1873 265 1926 νοιαν
282 1842 444 1931 ποιήσετε.

248 1944 349 2033 Οἶμαι
361 1941 395 2013 δ’
413 1938 499 2031 ύμάς
511 1940 765 2033 καὶλαμβάνειν
775 1941 865 2032 καρά
875 1943 1004 2014 τούτων
1016 1941 1132 2027 ἀξιούν
1147 1966 1181 2015 44

169 2046 225 2113 καὶ
243 2042 287 2132 μή
309 2043 532 2132 τυγχάνοντας
555 2040 771 2132 ἀγανακτεῖν,
794 2040 844 2124 οἷς
861 2039 904 2114 ἀν
919 2040 1052 2134 ύκάρχη
1074 2048 1130 2114 καλ

168 2141 250 2235 παρ’
281 2140 378 2234 ύμοῑν
407 2148 476 2215 τῶν
503 2141 615 2216 αύτοὶν
645 2161 767 2235 τυχεῖν.
815 2152 846 2215 ελ
866 2153 983 2216 τοίνυν
1005 2148 1131 2235 συνέβη

169 2245 363 2371 Κλεωνύμη)
381 2247 476 2333 μδνζ
460 2249 536 2334 ζῇν,
565 2250 813 2337 ἐξερημωθῆναι
836 2247 874 2315 δὲ
891 2245 950 2317 τόν
972 2241 1130 2337 ἡμέτερον
1152 2278 1156 2288 “

167 2345 264 2415 οἷκον
280 2340 301 2431 ή
319 2342 378 2414 τόν
394 2344 539 2431 τούτων,
562 2349 733 2428 σκέψασθε
755 2350 904 2435 ποτέρων
922 2351 1046 2427 ἐκεῖνος
1065 2351 1129 2434 ἐγί

170 2473 267 2537 γνετο
296 2443 512 2536 κληρονόμος·
544 2451 675 2515 δίκαιον
701 2443 765 2534 γάρ
794 2449 862 2514 έστι
883 2446 1021 2526 τούτους
1044 2453 1132 2534 ἔχειν

169 2544 210 2615 τὰ
235 2549 382 2633 ἐκεινου,
408 2541 488 2634 παρ’
513 2573 563 2613 ων
580 2541 740 2633 ἀφείλετο
763 2573 805 2614 κα
806 2547 952 2632 ὶλαβεῐν
968 2542 1066 2637 αύτῷ.
1103 2552 1134 2614 ελ
1148 2558 1179 2607 ⁴⁵

169 2675 232 2733 μεν
254 2654 369 2719 τοίνυν
394 2648 572 2735 Φερένικος
590 2640 611 2732 ή
628 2673 697 2714 των
718 2642 876 2731 ἀδελφοῖν
899 2673 948 2725 τις
966 2644 1131 2733 έτελεύτη

169 2769 247 2833 σευ,
271 2776 303 2816 οι
295 2753 436 2828 παῖδες
460 2752 495 2817 οι
514 2744 658 2832 τούτων,
683 2742 745 2815 ούκ
769 2749 893 2826 ἐκεῖνος
910 2749 1057 2834 ἐγίγνετο
1073 2745 1130 2815 κύ

171 2876 240 2935 ριος
267 2849 335 2917 των
362 2848 667 2935 καταλειφθέντων·
702 2842 797 2935 ήμῶν
825 2847 863 2916 δὲ
890 2845 1026 2937 τοιαύτη
1048 2845 1131 2937 τύχη

170 2951 386 3038 χρησαμένων
404 2945 605 3036 Κλεώνυμος
629 2942 786 3017 ἆτάντων
805 2951 951 3071 έγίγγετο
973 2947 1129 3038 κληρονό-

170 3077 238 3136 μος.
275 3044 352 3116 οὔτε
374 3044 437 3136 γάρ
460 3053 577 3127 παῖδες
600 3042 681 3175 ἡμῖν
697 3038 785 3135 ήσαν
807 3045 880 3116 οὔτ’
902 3046 996 3118 ἄλλοι
1013 3069 1129 3135 συγγε-

169 3165 257 3236 υεῖς,
276 3143 351 3216 ἀλλ’
373 3149 497 3226 ἐκεῖνος
514 3151 570 3218 καὶ
587 3151 678 3236 γένει
695 3146 872 3237 προσήκων
889 3147 1056 3237 έγγυτάτω
1072 3150 1129 3215 καὶ

170 3253 215 3377 νή
229 3256 323 3369 χρείᾳ
341 3244 475 3316 πάντων
491 3236 535 3332 ήν
551 3247 762 3327 οἰκειότατος
781 3246 865 3317 ὥστε
883 3247 937 3318 διά
953 3252 1058 3317 ταύτα
1074 3248 1129 3314 καὶ
1145 3267 1179 3318 4ο

171 3354 206 3417 οι
225 3348 319 3436 νόμοι
344 3343 529 3417 δεδώκασιν
551 3343 658 3438 αύτφ,
688 3351 743 3417 καὶ
770 3343 864 3437 ήμεῑς
885 3346 1009 3418 ούδένα
1030 3344 1131 3416 ἄλλον

171 3445 357 3539 ήξιιέσαμεν
378 3445 500 3533 ταύτης
522 3449 580 3532 τῆς
604 3452 739 3536 δωρεας.
781 3445 822 3517 ού
845 3445 908 3538 γὰρ
926 3445 1034 3532 δήπου
1051 3451 1129 3530 ζων-

171 3577 225 3629 τες
252 3550 313 3638 μὲν
336 3545 441 3628 οὕτως
470 3541 512 3616 ἀν
537 3549 782 3637 ἐνεχειρίσαμεν
804 3542 979 3639 αὐτῷτὴν
1000 3542 1129 3637 ούσίαυ,

170 3646 258 3719 ὥστε
276 3652 353 3740 περὶ
374 3651 442 3719 των
458 3642 626 3737 ἡμετέρων
642 3649 847 3738 κυριωτέραν
865 3646 950 3716 εἶναι
965 3643 1027 3736 τήν
1037 3673 1039 3676 ·
1049 3651 1132 3718 ἐκεί-

223 3765 332 3814 Ισκτυτ.
955 3765 974 3826 2
