2734 4375
102 458 107 477 ·
155 466 182 516 p.
202 448 244 501 τε.
308 448 491 501 1110121606
509 430 785 501 011610'166062:
806 449 971 504 mor.
1074 452 1116 518 69

157 617 262 691 αυτοῦ
277 626 539 709 κατεψηφίσατος
563 648 584 708 6
601 615 683 710 υμῖν
700 622 770 700 πῶς
796 617 898 691 καλὸν
923 618 1115 709 ἀπογνῶναι

156 719 354 811 Λεωχάρους
371 717 392 789 6
408 747 462 808 γε
459 716 543 842 066'
561 725 596 790 οἱ
609 719 833 833 προσήκοντες
843 717 948 791 αὐτου
936 717 1115 823 άπέγνω·

152 843 235 907 6663
263 825 377 911 δέομαι
395 810 460 889 066
476 815 572 942 ήμῶν
589 810 887 909 καταψηφίσασθαι
904 819 1114 912 Λεωχάρους,

154 917 203 993 ἵν’
230 917 252 991 ά
276 916 357 1010 ἡμῖν
382 924 418 989 οἱ
431 918 589 1010 πρόγονοι
611 923 787 991 κατέλιπον
804 920 1033 1011 κομισώμεθα,
1060 926 1116 993 καί

154 1021 199 1112 μή
225 1021 329 1112 μόνον
354 1018 395 1090 τά
420 1016 565 1110 ὀνόματα
590 1019 702 1092 αντοὸν
736 1027 863 1110 ἔχωμεν
888 1018 971 1090 άλλά
995 1026 1050 1091 καί
1076 1021 1117 1093 τά

154 1121 312 1214 χρήματα.
356 1125 423 1191 666
450 1122 488 1190 δὲ
504 1121 703 1244 Λεωχάρους
730 1127 829 1192 ίδίων
855 1118 917 1192 066
936 1126 1115 1210 ἐπιθυμοῦ·

155 1251 226 1313 μεν.
271 1225 492 1310 Δικαιογένην
518 1220 613 1345 γάρ,
618 1251 644 1291 ω
633 1212 801 1312 ἄνδρες,
829 1219 889 1292 066
891 1220 1026 1292 ’ἐλεεῖν
1044 1226 1125 1292 έστε
1133 1231 1167 1284 35

158 1318 321 1392 δίκαιοι’
298 1352 342 1404 ως
365 1326 473 1403 κακῶς
490 1321 674 1412 πράττοντα
692 1326 747 1392 καὶ
764 1321 964 1445 606666606
983 1319 1055 1392 οὔτ’
1077 1351 1116 1392 ευ

156 1439 265 1493 ποιεῖν
291 1419 335 1504 ὦς
361 1420 490 1510 ιἰγαθόν
514 1451 546 1493 τι
573 1428 789 1546 εἰργασμένον
804 1421 867 1512 τήν
883 1422 997 1494 πόλιν·
1020 1419 1115 1493 0666-

156 1552 235 1614 τερα
259 1521 323 1614 γάρ
348 1520 439 1617 αὐτῷ
463 1522 590 1595 τούτων
612 1520 779 1613 ὑπάρχει,
797 1518 842 1605 ὥς
861 1521 960 1612 ἐμά’
932 1527 1114 1649 6606666,

158 1654 184 1693 6
173 1615 380 1714 6609ss
358 1653 425 1713 αμα
444 1626 482 1694 δὲ
499 1627 554 1693 καὶ
565 1623 726 1694 πλούσιον
743 1627 798 1693 καὶ
816 1624 1040 1746 πονηρότατον
1057 1621 1116 1694 66
1134 1626 1139 1642 “

157 1723 215 1794 τὸν
240 1722 319 1795 ὅντα
336 1721 527 1814 ἀνθρώπων
550 1720 714 1806 ἀποδείξω
731 1727 835 1794 καὶί
805 1731 835 1794 ε
835 1754 851 1804 ς
868 1723 930 1812 τήν
947 1724 1044 1795 πόλιν
1061 1727 1117 1795 καὶ

159 1833 205 1906 είς
232 1823 312 1906 τούς
337 1823 564 1948 προσήκοντας
585 1827 704 1893 καίί
673 1831 720 1904 είς
745 1821 823 1904 τούς
849 1832 977 1912 φίλους.
1021 1815 1117 1906 οὗτος

156 1924 220 2015 γάρ
246 1922 448 2017 παραλαβών
473 1923 533 1994 τδν
549 1928 672 2014 κλῆρον
694 1920 775 2013 παρ’
793 1919 889 2013 6666
905 1928 1049 2014 φέροντα
1065 1933 1141 2025 μί-

157 2038 287 2097 σθωσιν
313 2030 374 2096 τοῦ
400 2029 557 2096 ἐνιαυτον
581 2021 786 2113 ὀγδοήκοντα
811 2028 910 2115 μνᾶς,
943 2023 1116 2114 καρπωσά
1168 2064 1172 2073 ·

156 2154 255 2218 μενος
282 2125 385 2198 αὐτὸν
411 2131 491 2197 δίκα
514 2134 574 2251 ἔτη
592 2124 673 2197 0660
696 2122 858 2217 άργάριον
881 2121 1041 2217 ὁμολόγει
1064 2152 1116 2196 κε·

158 2232 300 2314 κτήσθαι
318 2226 395 2298 οὔτε
411 2225 486 2297 ὅποι
503 2224 677 2316 ἀνήλωσεν
691 2223 796 2316 ἔχοι”
776 2258 819 2298 αν
831 2218 1048 2316 ἐπιδεῖξαι,
1020 2256 1046 2297 6
1059 2225 1116 2297 ἄν·

159 2333 245 2416 δρες.
290 2323 386 2409 άξιον
409 2328 446 2396 δὲ
470 2330 526 2397 καὶ
542 2323 624 2416 ὑμῖν
641 2336 846 2414 λογίσασθαι.
883 2320 978 2409 οὗτος
996 2326 1058 2417 γάρ
1076 2331 1118 2420 τῇ
1134 2347 1169 2399 30

157 2428 220 2516 μέν
237 2430 330 2517 φυλή
353 2434 399 2507 είς
416 2425 583 2498 Διονύσια
608 2428 792 2517 χορηγήσας
812 2433 964 2518 τέταρτος
988 2429 1116 2515 ἐγένετο
1194 2433 1207 2456 ⁸

157 2532 357 2621 τραγωδοϊς,
381 2530 436 2596 καὶ
454 2543 680 2617 πυρριχισταῖς
697 2525 850 2608 ὕστατος
867 2527 988 2607 ταύτας
1007 2528 1044 2595 δέ
1060 2526 1117 2616 μό-

157 2658 217 2710 νας
243 2624 466 2719 ἀναγκασθεὶς
491 2634 697 2717 λειτουργίας
721 2632 950 2717 λειτουργῆσαι
976 2623 1040 2697 ἀπὸ
1065 2653 1117 2696 το-

158 2728 281 2852 σοιάτης
297 2727 466 2821 προσόδου
483 2725 570 2798 οὕτω
588 2731 696 2808 καλῶς
714 2728 921 2818 ἐχορήγησεν
952 2723 1036 2796 άλλά
1051 2725 1118 2852 μήν

157 2828 365 2921 τριηράρχων
398 2827 565 2901 τοσούτων
599 2832 874 2900 κατασταθέντων
907 2825 982 2899 οὔτ’
1017 2824 1118 2951 α’μτὸς

159 2928 413 3055 έτριηράρχχγσεν
429 2920 509 3001 066'
537 2933 638 3024 ἑτέρω
656 2933 886 3019 συμβέβληκεν
903 2934 940 3000 έν
956 2928 1117 3009 τοιοντοις

158 3046 302 3152 καιροῖς,
329 3027 402 3100 ἀλλ’
432 3036 536 3122 ἕτεροι
562 3032 623 3122 μὲν
649 3027 769 3101 οὐσίαν
786 3035 977 3121 κεκτημένοι
996 3027 1117 3099 ἐλάττω

157 3126 179 3219 6
196 3120 294 3212 οὗτος
310 3138 488 3255 66066066
494 3131 654 3222 λαμβάνει
671 3151 929 3255 τριηραρχονσι
949 3137 1072 3218 καίτοι,
1091 3119 1118 3198 6
1134 3144 1169 3197 37

157 3230 298 3321 ἄνδρες,
309 3227 377 3356 οὐχ
394 3226 412 3301 ὁ
429 3230 536 3323 πατήρ
553 3230 645 3325 αὐτῷ
660 3228 722 3319 τήν
739 3230 865 3321 πολλήν
889 3227 1009 3302 οὐσίαν
1025 3232 1117 3299 κατέ·

158 3339 271 3423 λιπεν,
299 3329 372 3402 ἀλλ’
399 3327 496 3421 ὑμεῖς
521 3338 614 3403 ἔδοτε
639 3336 681 3423 τῇ
707 3330 824 3425 νήφω
852 3329 935 3401 ὥστε
953 3337 988 3399 εί
1000 3332 1055 3399 καὶ
1073 3325 1119 3454 66
1228 3417 1231 3424 Ι

159 3441 292 3523 πολίτης
319 3423 377 3522 66,
407 3430 462 3502 διά
486 3460 526 3521 γε
551 3459 648 3503 τουτο
675 3423 848 3514 δίκαιος
826 3462 869 3521 ην
885 3430 947 3519 τήν
964 3429 1061 3500 πόλιν
1079 3455 1118 3500 ευ

158 3551 275 3606 ποιεῖν.
329 3535 496 3624 εἰσφορῶν
538 3542 653 3657 τοίρυν
686 3533 856 3605 τοσούτων
887 3534 1121 3624 γεγενημένωδ

158 3637 238 3705 πάσι
255 3649 324 3717 τοίς
340 3642 488 3717 πολίταις
506 3642 554 3718 είς
571 3632 630 3706 τὸν
647 3633 791 3725 πόλεμον
802 3638 858 3707 και
874 3631 937 3722 τήν
953 3639 1119 3724 σωτηρίαν

157 3735 216 3824 τῆς
241 3734 368 3819 πόλεως
392 3740 619 3826 Δικαιογένης·
638 3731 701 3806 066
727 3742 818 3808 ἔστιν
848 3732 967 3825 ήντινδ
993 3730 1119 3823 ⁶666·
