2734 4375
245 415 286 483 82
388 456 398 477 ,
653 404 783 457 12:110oe
934 409 938 413 ·
1031 404 1194 457 ροισι

246 577 415 669 γενόμενοι
449 580 489 648 δέ
518 603 606 659 τινες
632 578 860 664 ἐξαγγέλλουσι
884 590 952 654 τοῖς
978 581 1111 656 οἰκείοις
1137 573 1201 663 τήν

247 675 442 765 ἐπιβουλήν,
468 679 525 749 καὶ
551 674 705 757 ἐλθόντες
732 674 902 764 ἐδήλωσαν
924 672 963 745 τό
979 679 1114 765 πρᾶγμα
1131 693 1202 757 τοῖς

248 783 431 865 δικασταῖς,
458 780 513 853 καλ
537 773 644 857 οὕτως
668 772 965 900 ἆπεγειροτόνησαν
989 779 1024 845 oc
1048 778 1203 846 δικασταὶ

246 875 292 968 μή
308 880 453 1001 μισθοῦν
468 875 546 961 τούς
558 888 684 959 οίιιους
712 883 744 946 εί
761 873 794 947 δ’
813 884 952 966 ἐλαθεν,
969 871 1181 945 ἆταλοέλει”
1158 905 1205 946 αν

247 975 357 1049 ἅπασα
373 972 394 1066 ή
411 975 518 1051 ούσία.
552 985 624 1049 Καί
645 1006 701 1067 μοι
718 975 811 1047 κάλει
827 975 904 1058 τούς
916 979 1206 1068 παραγενομένους

247 1078 425 1171 μάρτυρας·

624 1222 831 1275 ωιτηουτ.

197 1393 230 1446 38
321 1380 411 1469 Πρὶν
435 1378 510 1545 μένέ
522 1384 638 1447 τοίνυν
654 1375 792 1457 τούτους
810 1383 983 1499 γνωρίσαι
994 1372 1056 1462 τήν
1072 1372 1206 1497 ἅνθρω-

248 1507 312 1549 πον
328 1479 384 1553 καὶ
401 1474 473 1567 μετ’
494 1479 622 1565 ἐκείνης
645 1479 880 1565 ἐπιβουλεῦσαι
897 1471 1099 1597 Εὐκτήμονι,
1117 1472 1205 1545 ούτα

250 1574 376 1664 πολλήν
400 1573 520 1648 ούσίαν
547 1579 698 1666 ἐκέκτητο
723 1573 910 1665 Εὐκτήμων
935 1574 1015 1664 μετὰ
1040 1603 1100 1647 του
1088 1579 1206 1656 υίέος

250 1674 508 1767 Φιλοκτήμονος,
527 1673 611 1748 ὥστε
622 1674 689 1769 ἅμα
705 1704 742 1748 τε
755 1705 798 1747 τα
786 1671 986 1807 μέγιστα“
965 1692 1048 1764 υμῖν
1059 1685 1206 1764 λειτουρ

249 1795 322 1865 γεῖν
347 1773 552 1868 ἀμφοτέρους
576 1804 645 1848 τοεν
669 1805 706 1847 τε
731 1773 878 1867 ἆρχαίων
903 1776 1009 1898 μηδὲν
1034 1780 1205 1865 πραθῆναι

248 1907 316 1948 των
338 1906 373 1947 τε
394 1876 570 1969 προσόδων
593 1893 796 1967 περιποιεῖν,
822 1874 905 1946 ὥστε
928 1873 984 1945 ἀεί
997 1904 1029 1945 τι
1046 1879 1204 1963 προσκτᾶ-

249 1991 344 2049 σθαι
369 1976 484 2066 ἐττειδη
507 1975 539 2046 δ
562 1975 769 2100 ἐτελεύτησε
778 1975 1011 2065 Φιλυκτήμοιν,
1036 1972 1120 2098 ούτμι
1138 1980 1203 2043 διε-

156 2102 159 2107 ’
249 2074 375 2167 τέθη“
357 2107 378 2166 η
403 2075 518 2167 ούσία,
551 2075 636 2149 οόστε
659 2081 728 2147 τοῖν
749 2072 897 2167 ἀρχαίων
917 2073 1061 2198 μηδὲ
1025 2104 1065 2146 τα
1084 2069 1203 2163 ήμίσεα

207 2255 210 2260 ,
251 2178 336 2249 εἶναι
361 2175 460 2248 λοιπᾶ
484 2176 602 2249 καὶ
564 2207 623 2261 τας
647 2174 833 2270 προσόδους
858 2171 988 2258 ἁπάσας
1009 2172 1204 2297 ήφαυίσθαι.

200 2303 233 2357 39
200 2279 306 2356 ςκαὶ
323 2273 404 2347 οόδέ
419 2282 525 2348 ταῦτα
542 2277 717 2368 ἐξήρκεσεν
734 2274 848 2360 αύτοίς
866 2280 1082 2401 διαφορῆσαι,
1107 2266 1134 2346 οἷ
1150 2274 1206 2346 όιν-

253 2384 347 2469 δρες,
365 2374 439 2447 ἀλλ’
467 2376 582 2467 ἐπειδὴ
599 2380 655 2448 καὶ
673 2374 918 2468 ἐτελεύτησευ“
902 2405 921 2448 ο
938 2373 1141 2466 Εὐκτήμων,
1161 2384 1207 2458 είς

251 2482 348 2548 τούτο
382 2469 490 2567 ήλθον
520 2476 640 2569 τόλμης
667 2474 747 2550 ὥστ’
776 2483 905 2550 ἐκείνου
930 2480 1083 2567 κειμένου
1109 2484 1208 2547 ἐυδον

252 2576 329 2660 τούς
346 2579 407 2669 μὲν
423 2581 550 2661 οἰκέτας
564 2575 797 2668 ἐφύλαττον,”
776 2605 866 2660 οττοις
882 2580 998 2667 μηδεὶς
1011 2581 1209 2665 ἐξαγγείλειε

252 2677 333 2796 μήτε
358 2695 434 2749 ταῖν
458 2681 661 2770 θυγατέροιν
683 2676 766 2768 μήτε
790 2707 839 2800 τη
819 2681 981 2766 γυναικὶ
1007 2674 1111 2748 αύτού
1126 2675 1209 2765 μήτε

251 2805 319 2848 των
336 2785 468 2849 οἰκείων
484 2784 620 2870 μηδενί,
645 2806 687 2852 τα
714 2779 753 2849 δέ
773 2776 922 2869 χρήματα
938 2785 1081 2900 ἐηδοθεν
1098 2780 1208 2864 ἐξεφο·

252 2876 395 2967 ρήσαντο
405 2877 485 2969 μετὰ
501 2883 558 2968 τής
574 2873 758 2974 ἆνθρύπου
776 2875 870 2958 είς
832 2906 895 2965 την
906 2873 1076 2968 ὁμότοιχον
1087 2883 1208 2964 οἰκίαν,

252 2972 327 3071 ἢν
315 2973 392 3047 δόκει
409 2980 664 3070 μεμισθωμένος
684 2972 732 3057 εἷς
754 2974 898 3067 τούτων,
913 2974 1108 3065 ’Λντίδωρος
1126 2980 1209 3046 ἐκεῖ·

201 3092 236 3143 40
252 3107 318 3159 νος
364 3081 419 3149 καὶ
445 3075 521 3149 οὐδ’
550 3075 709 3165 ἐπειδή
692 3079 813 3168 ετέρων
838 3077 1026 3201 πυθόμεναι
1051 3069 1158 3166 ἦλθον
1175 3082 1213 3146 αί

252 3182 435 3270 θυγατέρες
460 3174 566 3248 αύτού
590 3172 692 3249 καλ
671 3206 693 3266 η
713 3175 823 3300 γυηή,
855 3174 997 3250 ούδέ,’
961 3207 1034 3249 τοτε
1060 3188 1140 3248 είων
1166 3185 1210 3248 εί

253 3283 377 3370 σιέναι,
396 3275 464 3350 ἀλλ’
476 3271 674 3349 απέκλεισαν
683 3306 725 3368 τη
713 3275 847 3372 θύρᾳ,
861 3276 1043 3368 φάσκοντες
1055 3275 1096 3349 ού
1110 3300 1211 3367 προσ-

253 3379 345 3470 ήκειν
371 3375 486 3461 αύταῖς
510 3375 652 3474 θόττειν
676 3374 908 3468 Εύκτήμονα·,
925 3383 980 3449 καὶ
1002 3375 1079 3451 οὐδ’
1108 3386 1222 3448 εἰσελ-

254 3491 333 3551 θεῖν
360 3480 536 3569 ἐδύναντο,
565 3486 595 3549 ὲί
618 3475 664 3568 μή
681 3477 775 3568 μόλις
791 3481 847 3550 καὶ
864 3483 940 3572 περὶ
957 3476 1053 3567 ήλίον
1072 3477 1209 3567 δυσμάς.

203 3596 236 3648 ⁴1
255 3585 464 3651 είσελθούσαι
489 3579 527 3651 δέ
548 3581 730 3667 κατέλαβον
753 3583 881 3653 ἐκεῖνον
903 3580 964 3670 μὲν
987 3587 1087 3651 ἔνδον
1104 3587 1211 3667 κείμε-

252 3704 312 3749 νον
330 3684 539 3775 δευτεραῖον,
566 3675 611 3764 ὥς
626 3686 756 3772 ἐφασαν
773 3685 808 3752 οί
822 3684 962 3773 οίκέται,
988 3678 1028 3752 τοὶ
1047 3676 1085 3752 δ’.
1100 3682 1136 3749 ἐκ
1152 3682 1211 3767 τῆς
