2734 4375
252 428 294 490 70
660 418 790 471 ΙΣΑΙΟΤ
1105 422 1156 472 Οι.
1171 429 1198 481 5.

250 612 340 681 νοχε·
368 589 499 679 πλήν“
480 619 536 662 οτε
551 595 694 680 Λέχαιον
721 590 823 679 ἑάλω,
849 595 1019 679 κληθεὶς
1002 587 1068 662 υπὸ
1087 596 1202 683 ἑτέρον

252 693 452 761 έπέδωκεν’
436 723 472 762 εν
489 721 534 783 τρι
523 690 650 814 δήμῳ
663 699 852 780 τριακοσίας
879 690 1040 781 δραχμάς,
1066 699 1204 813 ἔλαττον

200 792 234 845 3⁸
250 787 483 916 ήΚλεοίνυμος
498 787 516 862 ὃ
533 791 639 883 Κρής
658 795 713 861 καί
730 795 827 862 τοῦτο
844 788 1074 880 ἐπέδωκεν,’
1035 821 1097 862 ουκ
1115 821 1130 861 ε
1132 793 1204 916 ίσή·

249 920 385 980 νεγκεν,
411 889 483 962 ἄλλ’
503 890 607 963 έπ’ί
572 923 593 962 α
595 900 728 985 ίσχίστῳ
754 890 971 983 ἐπιγράμματι
995 891 1186 980 ἐξετέθη’
1143 923 1203 962 αν-

249 997 310 1063 τοῦ
325 990 470 1083 τοῧνομα
487 1000 675 1083 ἔμπροσθεν
691 1022 759 1064 των
775 989 1020 1082 ἐπωνυμονν,
1001 1022 1051 1063 οτι
1067 998 1136 1063 οἵδε
1156 1002 1203 1076 είς

249 1101 416 1184 σωτηρίαν
441 1098 499 1182 τῆς
524 1091 649 1174 πόλεως
675 1089 894 1183 ὑποσχόμενοι
920 1097 969 1187 τῷ
994 1093 1087 1185 δήμῳ
1106 1101 1201 1164 είσοί-

205 1254 208 1261 .
249 1215 322 1264 σειν
338 1192 486 1284 χρήματα
504 1197 675 1265 ἐθελονταὶ
693 1191 754 1265 οὐκ
772 1194 974 1282 εἰσήνεγκαν.
1011 1201 1117 1264 καίτοι
1134 1198 1205 1276 πῶς

249 1289 341 1376 ἄξιον
366 1293 497 1416 θανμοίζ
482 1303 563 1382 ζειν,
591 1285 772 1385 ὦᾶνδρες,
799 1303 832 1364 εί
847 1295 902 1384 ἐμὲ
929 1292 1127 1382 ἐξηπάτησεν
1146 1298 1205 1366 ἕνα

249 1421 344 1482 οντα,
371 1391 407 1476 ὃς
432 1390 519 1483 υμᾶς
546 1392 692 1475 ἅπαντας
718 1392 785 1486 ἅμα
809 1398 1081 1484 συνειλεγμένους
1109 1399 1204 1464 έν
1162 1423 1202 1485 τη

251 1497 404 1613 ἐκκλησίᾳ
437 1497 572 1564 τοιαῦτα
589 1499 755 1584 ἐποίησε;
790 1498 844 1603 καί
869 1518 997 1565 τουτων
1018 1490 1099 1583 ὑμῖν
1124 1523 1204 1577 τους

248 1621 416 1683 μαρτνρας
432 1598 618 1686 παρέξομαι.

601 1760 830 1812 ΜΔΡΤΤΡΕΣ.

197 1903 230 1955 ³9
322 1900 453 1989 Είςμέν
470 1897 532 1988 τήν
543 1896 738 1971 πόλινοῧτω
757 1903 811 1969 καὶ
828 1899 969 1970 τοσαῦτα
991 1900 995 1987 λ
1019 1900 1201 1990 λελειτούρ-

246 2025 328 2086 γηκε
345 1997 562 2088 Δικαιογένης
588 1997 652 2069 ἀπὸ
670 1998 837 2083 τοσούτων
854 1995 1042 2089 χρημάτων·
1070 2003 1144 2086 περί
1164 2005 1202 2071 δὲ

246 2097 324 2177 τούς
349 2098 574 2190 προσήκοντας
599 2096 745 2178 τοιοῦτός
773 2103 861 2168 ἐστιν
886 2094 958 2167 οἷον
983 2094 1089 2191 ὁρᾶτε,
1117 2097 1201 2170 ὥστε

203 2224 206 2246 ·
246 2196 324 2279 τούς
341 2200 403 2287 μέν
419 2196 515 2288 ήμῶν
531 2196 684 2288 ἀφείλετο
702 2196 763 2287 τὴν
779 2196 916 2287 οὐσίαν,
933 2196 983 2269 ὅτι
999 2210 1109 2289 μεῖζον
1126 2205 1200 2271 έδυ·

246 2296 352 2386 νήθη,
379 2296 455 2380 τούς
484 2301 520 2369 δέ
538 2298 702 2390 περιεώρα
729 2307 775 2382 είς
792 2297 869 2380 τούς
885 2298 1074 2389 μισθωτοῦς
1092 2301 1201 2384 ἰόντας

159 2423 172 2446 ·
248 2393 295 2467 δι’
314 2406 445 2471 ἔνδειαν
462 2404 530 2471 τοῖν
548 2404 752 2488 ἐπιτηδείων.
786 2398 849 2488 τήν
861 2401 899 2470 δὲ
910 2405 1035 2491 μητέρα
1046 2399 1108 2490 τήν
1125 2402 1201 2472 τού-

245 2528 305 2569 του
331 2504 523 2591 καθημένην
550 2506 586 2571 ἐν
611 2505 659 2595 τῷ
682 2505 741 2589 τής
766 2509 951 2589 Εἰληθυίας
977 2504 1057 2593 ίερῳ
1082 2502 1202 2584 πάντες

248 2597 378 2690 έοίρων,
397 2606 463 2672 καί
469 2600 575 2696 τούτῳ
594 2598 838 2726 έγκαλμῦσαν“
816 2632 837 2671 α
856 2599 918 2689 ἐγω
937 2600 1132 2691 αίσχυνομαι
1148 2607 1201 2672 λέ-

194 2710 228 2761 40
245 2728 333 2788 γειν,
361 2731 456 2783 ουτος
484 2704 522 2772 δὲ
538 2730 644 2773 ποιων
660 2731 723 2772 ονκ
747 2700 919 2792 ᾐσχύνετο.
954 2697 1073 2773 τεινδ’
1092 2705 1200 2789 ἐπιτη-

247 2805 346 2869 δείων
363 2805 503 2871 Μέλανα
528 2800 648 2891 μὲν
614 2832 673 2873 τον
699 2810 746 2874 Al
744 2801 937 2894 γύπτιου,
925 2830 951 2872 ω
978 2806 1013 2871 ἐκ
1029 2805 1200 2893 μειρακίού

245 2890 381 2985 φίλος
359 2928 419 2987 ην,
447 2898 528 2991 ὅπερ
546 2910 644 2989 ἔλαβε
668 2898 747 2992 παρ’
767 2898 872 2972 αὐτον
886 2898 1046 2993 ἀργύριον
1063 2898 1198 2971 ἀποστε-

246 2995 363 3086 ρήσας,
383 3000 534 3089 έχθιστός
553 3005 633 3071 ἐστι
652 3006 721 3072 τοῖν
740 3003 777 3072 δὲ
793 3000 903 3071 αλλων
921 3030 1024 3072 αντον
1011 3004 1150 3090 φίλων
1167 3008 1202 3071 οί

245 3095 362 3186 μέν’
323 3126 384 3167 ουκ
400 3095 606 3188 απέλαβον“
584 3132 606 3171 α
624 3100 814 3189 ἐδάνεισαν,
832 3107 867 3171 οί
877 3098 916 3171 δ
935 3100 1199 3191 ἐξηπατήθησαν,

245 3200 300 3268 καὶ
326 3195 388 3268 οὐκ
414 3206 533 3287 ἔλαβον
550 3197 571 3269 ἃ
587 3197 746 3292 ὑπέσχετο
772 3199 894 3288 αὐτοῖς,
922 3209 953 3272 εί
978 3201 1201 3272 έπιδικοίσαιτο

195 3308 227 3358 41
245 3302 306 3368 τοῦ
322 3297 462 3391 κλήρου,
482 3297 610 3372 δώσειν.
656 3310 779 3392 καίτοι,
806 3293 834 3372 οἷ
850 3300 983 3393 ἄνδρες,
1001 3306 1036 3372 οί
1050 3297 1202 3393 ἡμέτεροι

245 3399 401 3488 πρόγονοι
427 3407 462 3472 οί
484 3406 587 3471 ταῦτα
604 3400 801 3491 κτησάμενοι
817 3405 873 3472 καί
890 3400 1122 3483 καταλιπόντες
1139 3400 1200 3523 πρῖ·

245 3518 305 3578 σας
321 3502 384 3588 μὲν
399 3510 554 3624 χορηγίας
573 3502 825 3592 έχορήγησαν,ε
809 3501 1005 3591 εἰσήνεγκαν
1023 3505 1061 3572 δὲ
1079 3510 1125 3582 είς
1141 3498 1201 3571 τόυ

245 3595 389 3687 πόλεμον
413 3601 561 3724 χρήματα
585 3599 735 3673 πολλα
715 3620 813 3694 υμῖν,
846 3605 902 3723 καὶ
927 3605 1201 3694 τριηραρχοῦντες

245 3692 367 3784 οὐδένα
392 3701 512 3793 χρόνον
538 3704 696 3796 διέλιπον
739 3706 794 3774 καί
819 3730 946 3782 τουτων
970 3730 1137 3795 μαρτυρία
1163 3704 1200 3773 έν
