2734 4375
198 404 250 459 οι.
264 405 304 457 ιε.
500 403 607 455 νοτε
623 398 854 455 mmor.
888 386 891 393 '
1088 408 1149 471 153

199 593 270 658 ταῖς
287 582 496 666 μαρτυρίαις,
523 564 552 643 ὦ
567 571 690 664 ἄνδρες
709 579 864 644 δικασταί
866 625 876 663 ,
902 576 1034 666 πρῶτον
1049 575 1112 662 μὲν
1128 570 1150 663 ἡ

198 679 260 746 τοῦ
274 672 466 765 Εὐφιλήτου
491 672 612 764 μὴτηρ,
637 669 681 762 ἡν
697 664 789 744 οῦτοι
813 669 1031 763 ὁμολογοῦσιν
1046 671 1151 763 ἆστὴν

199 776 301 864 εἶναι,
324 772 426 866 ὀρκον
447 770 565 862 ὀμόσαι
590 777 643 844 ἐπί
660 778 724 844 τοῦ
741 777 911 861 διαιτητοῦ
927 773 1079 861 ἐβούλετο
1096 777 1151 845 ἐπὶ

195 883 369 968 Δελφινίῳ
393 865 427 962 ἡ,
440 871 507 963 μὴν
531 877 663 945 τουτονὶ
680 872 873 964 Εὐφίλητον
898 873 984 944 εἶναι
1001 878 1033 958 ἐξ
1050 870 1152 963 αῦτὴς

197 980 254 1047 καί
273 979 336 1046 τοῦ
351 970 512 1065 ἡμετέρου
529 973 659 1066 πατρός.
697 984 803 1046 καίτοι
819 982 895 1046 τίνα
912 978 1057 1064 προσῆκε
1072 979 1151 1064 μόλ-

195 1085 256 1146 λον
281 1071 385 1163 αὐτῆς
411 1077 537 1163 ἐκείνης
561 1079 659 1146 τοῦτο
676 1080 817 1162 είδέναις
835 1083 963 1165 ἔπειτα,
987 1065 1159 1165 ω’ἅνδρες

197 1182 364 1265 δικασταί,
391 1171 410 1245 ὁ
435 1174 541 1266 πατὴρ
565 1172 591 1246 ὀ
608 1171 784 1267 ἡμέτερος,
810 1170 850 1246 δν
876 1174 963 1256 είτός
989 1179 1055 1244 ἐστι
1073 1172 1154 1264 μετὰ

195 1273 257 1364 τὴν
272 1273 392 1356 τούτου
402 1280 526 1366 μητέρα
541 1273 658 1368 ἄριστα
674 1274 733 1347 τόν
743 1272 850 1347 αῦτοῦ
856 1273 934 1348 υίδν
942 1273 1153 1399 γιχνύσκειν,

196 1365 292 1457 ούτος
318 1378 374 1446 καὶ
391 1376 465 1446 τότε
488 1378 545 1446 καὶ
561 1380 641 1447 νυνὶ
659 1375 814 1464 βούλεται
830 1374 947 1468 ὀμόσαι
963 1405 985 1470 η
1002 1372 1070 1466 μὴν
1086 1371 1153 1445 Εύ-

195 1485 337 1564 φίλητον
353 1479 486 1547 τουτονί
511 1475 587 1548 υίόν
614 1477 700 1547 είναι
726 1473 831 1548 αὑτοῦ
856 1481 888 1560 ἐξ
905 1473 1006 1565 ἆστης
1023 1478 1078 1546 καὶ
1095 1504 1153 1563 γα·

147 1647 151 1650 .
195 1581 293 1664 μετης
310 1574 475 1664 γυναικός.
519 1574 601 1667 πρὸς
617 1576 747 1659 τούτοις
763 1586 895 1666 τοίνυν,
923 1567 950 1646 ὀ
966 1575 1088 1667 ἄνδρες
1105 1582 1153 1645 δι·
1171 1585 1204 1639 10

196 1685 331 1765 κασταί,
368 1673 431 1764 ἐγώ
466 1675 646 1766 ἐτύγχανον
678 1679 741 1766 μὲν
774 1682 1059 1767 τρισκαιδεκαέτης
1094 1672 1153 1766 όν,

197 1773 307 1865 ὥσπερ
333 1775 565 1866 καὶπρότερον
583 1777 693 1865 εἷπον,
719 1773 774 1846 ὅτε
790 1767 887 1858 ούτος
904 1781 1049 1865 ἐγένετο,
1073 1780 1153 1857 ἕτοι-

195 1906 255 1966 μος
283 1873 314 1946 δ’
336 1879 402 1965 είμί
420 1872 538 1965 ὀμόσαι
563 1868 668 1966 ἡμὴν
684 1874 878 1966 Εὐφίλητον
902 1879 1033 1947 τουτουὶ
1058 1873 1153 1946 ἆδελ·

195 1975 261 2065 φόυ
287 1977 373 2048 εδαι
401 1980 544 2066 ἐμαυτοῦ
560 1973 768 2067 ὁμοπάτριον.
805 1974 904 2066 ὥστε,
924 1968 1087 2065 ύᾶνδρες
1106 1982 1153 2046 δι-

195 2085 328 2165 κασταί,
348 2084 505 2158 ’δικαίως
542 2071 585 2148 ἂν
619 2080 674 2147 καὶ
708 2075 786 2159 τούς
807 2073 1002 2167 ἡμετέρους
1035 2073 1155 2168 ὅρκους

196 2181 408 2267 πιστοτέρους
434 2187 594 2267 νομίζοιτε
612 2173 632 2267 ἡ
650 2177 728 2260 τοῦς
753 2176 883 2249 τούτων
900 2176 1034 2267 λόγους·
1061 2172 1154 2267 ἡμεῖς

195 2273 337 2365 μὲνγὰρ
354 2273 499 2365 ἀκριβεῖς
518 2279 642 2359 εἰδότες
659 2276 777 2367 ὀμόσαι
789 2282 866 2369 περὶ
883 2276 989 2350 αύτοῦ
997 2282 1152 2368 θέλομεν,

196 2366 288 2446 οῦτοι
316 2376 352 2445 δὲ
377 2379 481 2445 ταῦτα
497 2373 672 2463 ἆκηκοότες
699 2376 788 2468 παρὰ
811 2382 880 2448 τοῖν
895 2378 1015 2449 τούτου
1040 2378 1155 2468 διαφό-
1195 2452 1198 2458 ,

197 2506 266 2566 ρων
291 2471 311 2563 ἡ
337 2472 431 2545 αύτοὶ
457 2474 654 2558 πλάττοντες
678 2482 821 2565 λέγουσι.
861 2477 942 2566 πρὸς
961 2480 998 2547 δὲ
1015 2477 1154 2568 τούτοις,
1173 2494 1204 2547 11

198 2566 225 2645 τῦ
241 2574 361 2667 ἄνδρες
381 2582 547 2665 δικασταί,
566 2572 659 2665 ἡμεῖς
670 2580 732 2667 μὲν
748 2576 826 2658 τοῦς
844 2595 1016 2666 συγγενεῖς
1033 2575 1155 2668 μύρτο-

197 2706 256 2764 ρας
273 2679 328 2746 καὶ
347 2681 400 2747 ἐπὶ
417 2679 485 2746 νῦν
497 2681 673 2765 διαιτητῶν
683 2681 738 2748 καὶ
753 2674 808 2767 ἐφ’
825 2673 921 2766 ῦμῦν
931 2677 1154 2769 παρεχόμεθα,

196 2774 245 2858 οἷς
270 2774 334 2846 ούκ
359 2775 451 2859 ἄξιον
476 2774 641 2848 ἀπιστεῖν·
668 2768 761 2849 οῦτοι
780 2782 833 2867 δέ,
867 2776 980 2866 ἐπειδὴ
1006 2774 1155 2867 ἐλαχενό
1228 2849 1235 2865 ,

197 2873 387 2965 Εύφίλητος
411 2876 474 2964 τὴν
501 2884 599 2966 δίκην
623 2875 684 2965 τὴν
710 2881 874 2969 προτέραυ
899 2881 947 2972 τῷ
971 2882 1074 2971 κοινῷ
1089 2883 1156 2949 τοῖν

199 2981 349 3065 δημοτῶν
375 2980 432 3046 καί
449 2982 497 3070 τῷ
512 2976 585 3048 τότε
604 2980 844 3069 δημαρχοῦντι,
870 2976 906 3061 ῦς
924 2982 989 3050 νῦν
1006 2977 1156 3050 τετελεύ-

197 3106 292 3165 τηκε,
312 3076 373 3147 δύο
391 3085 446 3166 ἔτη
462 3082 524 3148 τοῦ
541 3083 712 3168 διαιτητοῦ
727 3078 788 3167 τὴν
808 3086 938 3151 δίαιταν
948 3087 1078 3170 ἔχοντος
1095 3075 1157 3148 οῦκ

198 3175 414 3265 ἐδυνὴδησαν
439 3175 600 3267 ούδεμίαν
625 3188 811 3270 μαρτυρίαν
838 3176 950 3270 εῦρεῖν
976 3176 1021 3260 ὥς
1043 3173 1156 3247 οὑτοσὶ

196 3276 300 3348 ἄλλον
327 3275 414 3359 τινός
440 3277 563 3367 πατρός
590 3282 678 3349 ἐστιν
705 3274 725 3366 ἡ
751 3283 812 3349 τοῦ
827 3275 996 3369 ἡμετέρου.
1032 3294 1101 3357 τοῖς
1119 3278 1158 3347 δὲ

200 3383 347 3449 διαιτῶσι
371 3380 509 3467 μέγιστα
525 3396 645 3468 σημεῖα
661 3369 705 3474 ἡν
721 3383 783 3449 τοῦ
803 3375 1155 3465 ηεύδεσθαιτούτους,

200 3481 254 3547 καὶ
280 3477 520 3568 κατεδιῄτησαν
546 3476 657 3549 αύτῦν
682 3476 870 3569 ἀμφότεροι.
913 3486 984 3549 Καί
1003 3507 1058 3568 μοι
1076 3478 1157 3567 λαβὲ

200 3580 258 3662 τῆς
274 3582 432 3671 προτέρας
452 3585 579 3667 διαίτης
596 3577 657 3668 τὴν
674 3588 869 3671 μαρτυρίαν.

580 3709 779 3768 MAPTTPIA,
