2734 4375
264 442 306 509 ,ης
491 462 510 491 ,-
679 432 926 485 τουτον·Ι
971 442 974 447 ·
1126 438 1220 491 οιιι

265 610 347 695 ήσαί
366 627 448 695 φησι
473 601 535 691 τήν
556 599 721 693 ἀδελφήν
755 610 792 674 ot
811 605 849 673 δὲ
871 617 959 675 θελοι
981 611 1029 698 τῷ
1050 604 1224 703 ἀδελφιδῷ

266 705 426 797 ἄπροικον
452 702 514 793 τήν
539 702 696 792 τοιαύτην
730 707 926 798 ἐγγυωμένῳ
954 708 1222 844 μεμαρτυρήκασι

266 809 522 897 παραγενέσθαι.

216 925 250 977 30
340 909 408 977 Καὶ
431 912 466 977 οἱ
486 903 581 976 αὐτοὶ
603 917 692 976 θεῖοι
714 896 806 977 οὗτοι
830 910 867 977 ἐν
889 934 930 1024 τη
919 906 1124 996 δεκάτη
1084 936 1141 995 της
1157 920 1221 977 θυ-

186 1079 189 1090 ,
267 1005 387 1098 γατρὸς
409 1003 710 1095 άποφαοθείσης
678 1034 765 1077 ειναι
781 1002 847 1076 ὑπὸ
863 1010 925 1076 606
947 1003 1129 1095 ἀδελφιδοῦ
1145 1018 1220 1094 κλη

266 1111 383 1187 θέντες
407 1104 683 1230 μεμαρτυρήκασι
699 1108 956 1229 παραγενέσθαι.
990 1103 1076 1199 ἐφ’
1064 1135 1090 1175 ω
1080 1098 1150 1194 δή
1167 1112 1223 1177 καὶ

173 1214 176 1221 “
269 1205 422 1305 θάνως’
403 1210 588 1296 αγανακτοῐ,
606 1203 657 1276 ὅτι
668 1236 687 1277 ο
675 1202 791 1296 666’
769 1204 856 1296 ανήρ
873 1207 1056 1328 λαγχάνων
1065 1177 1207 1296 6666
1168 1236 1224 1295 της

266 1305 424 1397 γυναικὸς
446 1311 503 1395 τῆς
522 1303 627 1376 αὑτοῦ
641 1335 702 1377 του
689 1305 843 1397 κλήρου
865 1311 927 1377 τοι]
942 1306 1098 1400 πατρῴου
1117 1316 1225 1394 Φίλην

267 1407 371 1497 ὄνομα
389 1409 473 1479 εἶναι
492 1406 654 1497 ἐγράψατο
671 1436 712 1497 τη
701 1412 879 1495 γυναικί,
903 1414 938 1476 οἱ
954 1409 992 1477 δὲ
1007 1437 1068 1478 του
1056 1407 1225 1529 Πύρρου

266 1521 356 1579 θεῖοι
380 1512 416 1578 ἐν
436 1510 479 1597 τή
501 1506 621 1596 δεκάτη
644 1506 828 1596 φάσκοντες
845 1511 1092 1597 παραγενέσθαι
1115 1506 1151 1577 τὰ
1168 1513 1226 1595 τής

267 1607 373 1696 τήθης
394 1605 498 1697 ὄνομα
520 1612 742 1698 Κλειταρέτην
769 1605 827 1678 τὸν
849 1611 974 1730 πατέρα
996 1607 1225 1698 ἐμαρτύρησαν

217 1729 249 1782 31
266 1710 392 1780 θέσθαι
415 1705 507 1798 6666.
551 1707 711 1798 θαυμάζω
734 1698 798 1780 066
819 1703 886 1779 εἰ
870 1738 889 1779 ο
911 1704 996 1798 άνήρ
1019 1704 1037 1778 6
1059 1712 1226 1778 συνοικῶν

268 1807 417 1879 πλείω
396 1838 417 1896 η
434 1837 519 1879 οκτω
538 1815 594 1896 ἔτη
616 1807 681 1897 ήδη
699 1839 743 1931 μη
733 1807 839 1899 ᾔδει
862 1807 1007 1930 τοῦνομα
1028 1812 1086 1896 τῆς
1105 1811 1227 1878 ἑαυτοῦ

267 1909 433 1998 γυναικός.
462 1909 532 1980 εἶτα
547 1907 630 1979 οὐδὲ
646 1937 736 1997 παρα
745 1938 813 1979 των
830 1905 937 1979 66606
952 1907 1130 1999 μαρτύρων
1147 1908 1225 1996 πρό-

267 2037 364 2130 τερον
377 2008 528 2097 ἐδυνήθη
545 2012 728 2097 πυθέσθαι,
745 2004 854 2078 οὐδ’
835 2038 856 2094 η
873 2008 979 2098 μήτηρ
996 2013 1053 2097 τής
1070 2006 1226 2096 γυναικὸς

267 2107 305 2180 66
321 2113 378 2198 τής
395 2105 561 2232 θυγατρὸς
577 2137 681 2198 ονομα
698 2111 756 2197 τῆς
772 2104 874 2196 αὖτής
898 2113 934 2177 ἐν
955 2108 1064 2202 χρόνῳ
1079 2107 1225 2200 τοσούτῳ

218 2214 252 2279 32
270 2216 414 2300 ἔφρασεν
431 2205 538 2302 αὐτῷ,
555 2205 664 2279 οὐδ’
647 2238 667 2280 ο
683 2221 776 2289 θεῖος
790 2205 907 2298 αὐτός,
925 2209 1131 2297 Νικόδημος,
1149 2206 1224 2278 ἀλλ’

269 2306 343 2381 άντι
361 2314 421 2381 του
437 2313 495 2398 τῆς
512 2308 617 2397 τήθης
633 2306 809 2398 ὀνόματος,
834 2320 866 2377 ελ
878 2338 927 2389 τις
950 2307 1026 2400 ήδει
1042 2307 1142 2381 τοῦθ’
1160 2305 1226 2379 ὑπὸ

268 2414 330 2481 τοι]
355 2408 476 2501 πατρὸς
500 2417 653 2499 κείμενον
677 2408 797 2499 ταάτη,
830 2405 978 2498 66666‘
962 2439 981 2480 ο
1009 2407 1095 2531 6666
1122 2408 1228 2531 ὄνομα

270 2510 477 2601 ἐπεγράψατο
500 2507 651 2582 εἶναι’
609 2514 711 2601 αυτή,
741 2513 797 2582 καὶ
819 2514 923 2580 ταῦτα
945 2509 1119 2599 λαγχάνων
1142 2508 1228 2599 6666

269 2616 331 2682 τοῦ
352 2610 476 2703 κλήρου
497 2615 559 2683 606
579 2610 744 2705 πατρώου
788 2619 877 2690 τίνος
901 2614 1014 2695 ἕνεκα;
1046 2606 1068 2698 6
1090 2616 1147 2679 ἵνα
1170 2613 1227 2679 καὶ

269 2716 330 2780 666
351 2717 408 2799 τῆς
431 2712 536 2801 τήθης
552 2708 713 2800 ὀνόματος
734 2714 796 2780 κου’
816 2706 959 2780 ὑπάτου
945 2708 1095 2837 πατρδς
1111 2713 1227 2780 τεθέν-

270 2837 324 2889 τος
347 2809 492 2932 άκληρον
518 2807 536 2879 6
564 2808 649 2901 άνήρ
678 2808 911 2898 καταστήσειεν
928 2811 1013 2881 εἶναι
1024 2808 1109 2931 Ητήν
1122 2804 1229 2879 66606

220 2928 253 2980 33
270 2928 430 2996 γυναῖκας
455 2900 519 2999 άρά
535 2938 575 2998 γε
591 2906 667 2998 οάχὶ
686 2913 804 2998 δήλους
823 2940 849 2980 ω
838 2900 1039 3002 ‘⁶66660ffi
1021 2939 1072 2981 οτι
1087 2940 1109 2979 α
1094 2905 1228 2980 πάλαι

212 3044 216 3049 ’
270 2999 363 3078 οὗτοι
380 3013 585 3099 μαρτυροῦσι
600 3012 770 3099 γενέσθαι,
783 3014 899 3102 πολλῷ
915 3014 1016 3081 πλέον
1032 3015 1090 3099 τής
1106 3009 1228 3098 λήξεως

271 3112 333 3180 του
360 3108 484 3197 κλήρου
512 3107 681 3198 σύγκειται
710 3107 840 3195 αάτοῑς;
875 3079 980 3179 66
940 3139 1004 3199 γαρ
1030 3108 1073 3181 66
1096 3115 1232 3180 ποτεοὶ

270 3240 333 3300 μευ
356 3217 403 3291 εἰς
425 3208 487 3298 τήν
510 3209 651 3298 δεκάτην
681 3209 741 3301 (ὥς
763 3210 861 3300 φασι)
888 3215 1067 3333 κληθέντες
1088 3215 1146 3299 τής
1168 3214 1230 3280 606

270 3310 411 3436 Πύρρου
428 3311 611 3399 θυγατρός,
635 3308 816 3401 αδελφιδης
834 3312 871 3380 δ
887 3310 1024 3400 τούτου,
1050 3315 1083 3394 ἐξ
1101 3314 1230 3397 ἐκείνης

266 3416 328 3499 τῆς
345 3408 483 3534 ἡμέρας,
506 3406 577 3499 ήτις
599 3402 642 3499 66
665 3439 760 3500 ποτε,
783 3408 928 3501 άκριβοίς
951 3419 998 3492 εἰς
1020 3409 1056 3482 τὸ
1076 3409 1228 3498 δικαστή

269 3539 344 3599 ριον
366 3502 448 3600 ήκον
473 3514 674 3636 ρεμνημένοι
699 3510 751 3583 ὅτι
774 3514 996 3601 Κλειταρὲτην
1020 3507 1039 3581 6
1061 3508 1168 3600 πατήρ
1193 3514 1231 3580 ἐν

106 3629 111 3638 “
221 3629 255 3683 34
272 3637 311 3697 τη
301 3610 493 3702 δεκάτη’
468 3612 655 3701 ωνόμηνεν,
672 3618 709 3684 ολ
724 3608 755 3682 δ’
768 3609 960 3683 οἰκειότατοι
976 3614 1046 3682 τοῖν
1060 3607 1228 3697 ἁπάντων,

271 3704 289 3778 6
314 3710 503 3801 πατήριιαὶ
526 3708 665 3795 δ-θελος
680 3708 790 3802 ¹6662‘
772 3741 792 3801 6
814 3710 922 3804 μήτηρ,
943 3707 1006 3782 0666
1028 3706 1168 3806 άν-’ήδει
1192 3707 1231 3782 ιδ
