2734 4375
265 416 306 481 78
411 414 415 423 '
600 360 809 463 κΙΣΔΙΟΤ-
1040 444 1042 449 -
1127 412 1224 469 02⁸.

264 612 333 654 των
355 590 436 672 μίαν
460 581 616 670 ἐκτήσατο
633 572 658 672 ή
674 580 779 671 ὄνομα
795 573 839 670 ήν
853 580 967 671 Ἀλκή,
994 580 1038 670 ἣν
1055 586 1111 652 καὶ
1127 578 1224 670 ὑμῶν

208 708 217 725 “
263 684 353 772 οἶμαι
379 680 521 762 πολλούς
548 687 681 753 εἰδέναι.
726 680 810 771 αὕτη
837 685 874 754 δὲ
894 679 915 773 ή
936 680 1032 771 mm}
1051 679 1225 770 ῶνηθεῖσα

263 781 368 856 πολλοὶ
393 785 455 872 μέν
480 790 537 872 ἔτη
567 788 716 871 καθῆστο
740 787 777 853 ἐν
799 783 967 874 οἰκήματι,
993 781 1058 872 ήδη
1082 784 1120 852 δέ
1143 810 1224 872 πρε-

210 901 244 954 20
261 875 502 975 σβυτέραούσα
517 880 583 954 ιἰπδ
600 885 662 974 μέν
677 887 740 953 τού
754 883 929 974 οἰκήματος
939 880 1118 972 ἀνίσταται,
1137 890 1224 952 διαι·

260 987 391 1074 τωμίνη
424 987 462 1056 δέ
526 981 579 1075 ’ή
604 989 641 1055 έν
664 989 708 1074 τῇ
732 993 886 1076 συνοικίᾳ
909 981 1019 1072 συνῆν
1042 982 1224 1074 ἄνθρωπος

259 1081 499 1177 άπελεύθερος,
561 1095 622 1156 ίιον
638 1081 742 1174 ὄνομα
767 1083 874 1177 αύτῷ,
902 1090 934 1169 ἐξ
959 1075 1004 1155 ού
1020 1092 1084 1173 ἔφη
1110 1089 1222 1173 έκείνη

259 1184 397 1267 τούτους
422 1191 609 1274 γεγονέναι·
636 1188 693 1255 καὶ
718 1193 864 1276 ἔθρεψεν
889 1181 1044 1266 αύτούςὸ
1063 1193 1159 1255 Δίων
1176 1182 1222 1267 ῶς

161 1359 163 1364 .
259 1283 357 1368 ὄντας
376 1290 505 1357 ἑαυτοῦ.
541 1284 651 1379 χρόνῳ
670 1286 709 1355 δέ
723 1282 866 1378 ὕστερον
881 1283 899 1357 ὁ
917 1288 979 1377 μέν
989 1295 1086 1356 Δίων
1103 1294 1222 1374 ζημίαν

260 1391 474 1477 εἰργασμένος
491 1389 547 1456 καὶ
566 1393 677 1467 δείσας
702 1381 789 1474 ύπέρ
815 1383 921 1458 αὖτού
937 1383 1154 1476 ὑπεχώρησεν
1173 1394 1221 1467 είς

258 1491 433 1559 Σικυῶνα·
464 1485 527 1574 τήν
553 1483 588 1555 δ’
620 1483 803 1577 ἄνθρωπον
827 1487 970 1575 ταύτην,
1002 1484 1065 1574 τήν
1087 1483 1219 1576 Ἀλκήν,

258 1584 660 1677 καθίστησινΕύκτήμων
678 1592 905 1677 ἐπιμελείσθω
927 1593 985 1675 τής
1004 1591 1040 1657 ἐν
1056 1597 1218 1679 Κεραμει·

152 1694 159 1702 “
258 1690 308 1779 κρῖ
332 1696 519 1777 συνοικίας,
546 1692 604 1776 τής
635 1685 724 1779 παρά
748 1685 811 1777 τήν
836 1695 979 1777 πυλίδα,
1010 1678 1053 1757 ού
1077 1684 1096 1758 δ
1128 1689 1218 1768 οἶνος

206 1816 237 1868 21
257 1785 362 1869 ῶνιος.
407 1801 655 1860 κατοικισθεῖσα
680 1785 713 1859 δ’
741 1794 901 1863 ἐνταυθοῖ
924 1791 1056 1860 πολλῶν
1082 1791 1138 1858 καὶ
1160 1818 1217 1858 κα·

229 1969 236 1989 Ι
256 1890 325 1960 κῶν
341 1880 459 1980 ήρξεν,
479 1881 507 1960 ῶ
522 1888 651 1979 ἄνδρες.
694 1895 821 1978 φοιτῶν
843 1888 907 1981 γάρ
924 1886 942 1961 ὃ
959 1886 1144 1978 Εὐκτήμων
1161 1892 1215 1958 ἐπὶ

254 1987 291 2060 τό
318 1994 461 2061 ἐνοίκων
487 1989 641 2060 ἑκάστοτε
664 1987 706 2058 τά
731 1989 837 2060 πολλὰ
863 1996 1028 2080 διέτριβεν
1046 1994 1083 2059 ἐν
1098 1993 1139 2078 τῇ
1154 2011 1212 2057 συ-

253 2099 380 2180 νοικία,
408 2094 513 2160 ἐνίοτε
539 2090 577 2158 δὲ
602 2091 657 2158 καί
686 2093 822 2159 ἐσιτεῖτο
838 2088 921 2180 μετά
936 2094 995 2179 τής
1020 2086 1211 2179 άνθρῶπου,

216 2188 221 2199 ’
254 2188 444 2260 καταλιπῶν
461 2193 517 2259 καὶ
533 2188 596 2277 τήν
612 2206 757 2277 γυναῖκα
773 2195 830 2261 καλ
845 2179 924 2272 τούς
941 2198 1063 2272 παῖδας
1079 2192 1134 2260 καὶ
1151 2188 1213 2278 τήν

253 2295 363 2360 οίκίοιν
380 2286 424 2378 ήυ
441 2288 528 2383 ᾤκει.
563 2295 714 2380 χαλεπῶς
742 2291 780 2361 δὲ
797 2291 964 2383 φερούσης
980 2296 1039 2380 τής
1056 2290 1213 2380 γυναικὸς

252 2393 309 2459 καὶ
334 2395 402 2462 τῶν
420 2395 529 2462 ὐἱέων
552 2388 614 2481 ούχ
631 2387 721 2472 ὅπως
740 2392 922 2482 ἐπαύσατο,
949 2390 1033 2462 άλλά
1049 2396 1214 2462 τελευταῖν

252 2497 421 2574 παντελῶς
448 2496 580 2584 διῃτᾶτο
607 2496 691 2582 ἐκεῖ,
719 2497 775 2563 καὶ
800 2491 888 2564 ούτω
907 2497 1041 2581 διετέθη
1059 2489 1127 2562 είθ’
1145 2488 1213 2563 ύπδ

251 2593 435 2683 φαρμάκων
469 2590 537 2665 εἴθ’
571 2589 638 2664 ύπό
663 2592 768 2665 νόσου
795 2592 865 2665 εἴθ’
891 2590 953 2663 ὑπ’
979 2591 1083 2663 άλλου
1108 2592 1208 2682 τινός,

252 2689 336 2763 ῶστε
363 2699 503 2783 ἐπείσθη
519 2691 580 2765 ὑπ’
607 2691 711 2782 αύτής
727 2692 786 2765 τὸν
803 2693 1030 2785 πρεσβύτερον
1046 2710 1119 2763 τοῖν
1136 2702 1210 2762 παί-

252 2797 326 2862 δοιν
361 2802 550 2883 εἰσαγαγεῖν
585 2802 631 2875 είς
664 2792 742 2876 τούς
759 2795 936 2886 ’φράτορας
961 2797 1014 2864 ἐπὶ
1037 2797 1086 2887 τῶ
1106 2788 1210 2863 αύτού

199 2907 232 2956 22
249 2888 392 2980 ὀνόματι.
430 2893 544 2983 ἐπειδή
571 2896 608 2964 δέ
634 2892 714 2966 οὗθ’
741 2891 759 2965 ὁ
782 2893 855 2976 υίδς
871 2892 970 2989 αύτῷ
992 2892 1210 2983 Φιλοκτήμῶν

249 2992 431 3084 συνεχώρει
469 2991 548 3065 οὔθ’
590 3001 625 3065 οί
661 2993 823 3086 φράτορες
863 3000 1084 3084 είσεδέξαυτο,
1132 2990 1207 3062 ἄλλ’

248 3088 421 3183 ἀπηνέχθη
438 3091 475 3163 τό
493 3094 656 3185 κούρειον,
683 3092 891 3186 ὀργιζόμενος
915 3092 1139 3185 ὃΕύκτήμων
1160 3099 1209 3187 τῷ

247 3200 319 3265 υίεῖ
348 3197 404 3265 καὶ
436 3194 626 3285 ἐπηρεάζειν
656 3194 857 3285 βουλόμενος
884 3201 1038 3286 ἐγγυᾶται
1063 3212 1209 3285 γυναῖκα

247 3296 486 3401 ᾼημοκράτους
502 3300 563 3366 τοῦ
576 3293 772 3385 ’Λφιδναίου
789 3294 956 3387 ἀδελφήν,
975 3293 1020 3378 ῶς
1038 3301 1075 3367 ἐκ
1084 3293 1207 3385 ταύτης

247 3403 369 3479 παῖδας
395 3396 579 3487 ἀποφανῶν
604 3399 660 3467 καί
680 3398 881 3487 είσποιήσων
898 3408 945 3481 είς
961 3396 1020 3469 τὸν
1036 3398 1146 3485 οἷκον,
1175 3404 1208 3465 εί

196 3510 230 3563 23
246 3494 292 3583 μή
326 3508 513 3590 συγχωροίη
543 3502 663 3569 ’τούτου
699 3504 903 3590 εἰσαχθῆναι.
957 3498 1080 3580 εἰδότες
1113 3494 1145 3568 δ’
1172 3502 1208 3567 οί

247 3591 420 3683 άνκγκαῖοι
445 3596 495 3670 ὅτι
523 3603 555 3683 ἐξ
583 3604 714 3696 ἐκείνου
738 3602 800 3690 μὲν
825 3598 888 3671 ούκ
912 3596 955 3670 άν
981 3606 1029 3669 ἔτι
1053 3603 1205 3688 γένοιντο

247 3702 365 3778 παῖδες
386 3698 598 3790 ταύτηντήν
621 3696 755 3788 ήλικίαν
772 3708 919 3791 ἔχοντας’,
946 3698 1150 3789 φανήσοιντο
1168 3695 1208 3770 δ’.
