2734 4375
156 438 186 489 p
202 419 246 475 ω.
297 419 388 472 nm
404 418 481 470 εον
498 417 799 471 οιαοιεεειιιοαοε
816 419 1005 472 mom„
1078 426 1119 490 γρ

157 585 248 684 ἄλλω
265 592 330 661 τινί
348 588 477 682 τρόπω,
504 592 560 660 καί
579 593 616 658 ἐκ
632 586 761 659 τούτων
778 596 904 662 ἔσοιντο
923 597 970 661 ἔτι
987 601 1118 680 μείζους

159 698 334 781 διαφοραί,
353 697 508 778 ἔπειθον,
535 680 563 758 ὦ
580 687 718 779 ἀνδρες,
740 687 799 760 τδν
818 689 1047 781 Φιλοκτήμονα
1066 697 1117 763 ἐοῖ-

156 813 212 863 σαι
239 798 428 879 εἰσαγαγεῖν
453 793 572 860 τοῦτον
597 787 656 860 τδν
681 796 786 860 παῖδα
813 787 869 878 ἐφ’
896 789 945 872 οἰς
972 792 1074 881 ἐζήτει
1097 791 1116 866 ὁ

156 888 359 981 Εὐκτήμων,
379 898 502 980 χωρίον
520 895 558 960 ἓν
577 889 687 960 δόντα.
723 893 780 961 καί
796 886 815 960 ὁ
834 892 1051 982 Φιλοκτήμων
1069 902 1117 965 αἰ·
1135 916 1170 966 24

154 991 356 1082 σχυνόμενος
373 990 435 1079 μὲν
454 993 507 1061 έπί
523 995 567 1080 τή
583 993 645 1060 τοῦ
656 989 779 1082 πατρὸς
797 987 911 1082 ἀνοίᾳ,
930 989 1065 1084 ἀπορεῖν
1083 993 1116 1066 δ’

154 1090 173 1163 ὅ
190 1122 221 1163 τι
239 1090 397 1182 χρήσαιτο
422 1095 470 1183 τῷ
486 1089 626 1182 παρόντι
643 1096 752 1185 κακῷ,
778 1088 844 1161 οιῗκ
869 1089 1046 1180 ἀντέλεγεν
1062 1092 1118 1164 οὐ·

154 1196 221 1263 δέν.
271 1187 547 1279 ὁμολογηθέντων
581 1192 619 1261 δέ
638 1191 789 1281 τούτων,
822 1195 879 1262 καί
907 1198 1119 1282 εἰσαχθέντος

152 1296 215 1362 τοῦ
237 1290 357 1372 παιδδς
381 1294 436 1361 ἐπὶ
461 1291 606 1382 τούτοις,
633 1289 807 1390 ἀπηλλάγη
832 1297 890 1382 τής
915 1292 1074 1382 γυναικδς
1099 1291 1119 1364 ὅ

153 1389 357 1481 Εὐκτήμων,
376 1394 432 1475 καί
450 1397 637 1477 ἐπεδείξατο
654 1390 705 1464 ὅτι
722 1390 763 1464 οὕ
782 1400 915 1464 παίδων
929 1394 1027 1465 ἕνεκα
1045 1393 1119 1481 έγά·

152 1521 224 1583 μει,
251 1489 326 1562 ἀλλ’
352 1497 410 1564 ἵνα
426 1497 547 1564 τουτον
574 1493 752 1583 εἰσαγάγοι.
788 1503 825 1564 τί
838 1491 902 1584 γάρ
928 1501 998 1564 ἔδει
1015 1491 1119 1566 αὐτὸν
1135 1503 1169 1553 ²5

152 1610 299 1683 γαμεῖν,
316 1583 345 1662 ω’
364 1590 589 1687 Ἀνδρόκλεις,
616 1605 733 1684 εἰπερ
756 1600 829 1664 οἵδε
852 1585 939 1683 ἦσαν
962 1599 995 1680 ἐξ
1014 1592 1120 1667 αάτοῦ
1256 1590 1258 1592 ,

153 1696 210 1765 καί
234 1691 393 1783 γυναικὸς
419 1691 537 1784 ἀστής,
565 1690 610 1775 ὦς
627 1692 671 1764 σύ
688 1693 961 1785 μεμαρτύρηκαςς
987 1705 1038 1777 τίς
1054 1693 1118 1787 γάρ

152 1789 195 1864 ἀν
211 1802 370 1883 γνησίους
395 1793 494 1876 ὄντας
519 1791 589 1875 οἷός
615 1823 651 1864 τε
677 1786 721 1882 ήν
739 1799 886 1864 κωλῦσαι
910 1804 1118 1884 εἰσαγαγεῖν;

151 1891 248 1983 ήδιά
272 1904 309 1966 τί
333 1898 387 1965 έπί
413 1900 523 1985 ῥητοῖς
542 1891 645 1966 αὐτὸν
668 1894 839 1983 εἰσήγαγε,
866 1900 928 1966 τοῦ
943 1895 1049 1985 νόμον
1066 1924 1118 1966 κε·
1208 1963 1211 1970 .

152 1996 307 2077 λεύοντος
318 1993 467 2077 ἅπαντας
483 1993 561 2077 τούς
577 2003 740 2084 γνησίους,
749 2002 937 2086 ἰσομοίρους
953 1996 1039 2066 εἰναι
1050 2001 1119 2067 των

152 2096 332 2190 πατρῴωνς
358 2092 379 2184 ή
408 2095 463 2168 διά
479 2104 515 2167 τί
534 2093 593 2168 τὸν
615 2097 678 2193 μὲν
700 2095 930 2188 πρεσβύτερον
952 2113 1024 2168 τοῖν
1042 2104 1117 2167 παί-
1135 2107 1169 2160 ²6

153 2204 227 2270 δοιν
255 2201 308 2268 έπί
326 2203 438 2287 ῥητοῖς
465 2197 636 2288 εἰσήγαγε,
662 2202 725 2268 τοιῖ
744 2200 782 2268 δὲ
798 2201 965 2289 νεωτέρου
982 2196 1047 2287 ήδη
1063 2226 1117 2288 γε·

152 2296 287 2385 γονότος
310 2295 390 2366 οὐδὲ
414 2297 514 2387 λόγον
536 2302 676 2369 ἐποιεῖτο
701 2302 820 2382 ζωντος
843 2299 848 2387 Ι
873 2297 1117 2389 Φιλοκτήμονος

152 2396 230 2467 οὔτε
247 2394 329 2487 πρὸς
355 2394 458 2468 αὐτὸν
484 2402 613 2475 ἐκεῖνον
643 2396 722 2468 οὔτε
747 2397 829 2488 πρὸς
854 2397 932 2479 τούς
957 2406 1115 2485 οἰκείους;

152 2495 212 2578 οδς
229 2494 272 2567 σε)
289 2500 356 2568 νῦν
376 2497 560 2589 διαρρήδην
576 2497 829 2588 μεμαρτύρηκας
855 2506 1013 2585 γνησίους
1032 2500 1117 2569 εἶναι

153 2601 210 2669 καὶ
227 2596 453 2689 κληρονόμους
469 2594 537 2670 τὀῐν
553 2594 777 2687 Εὐκτήμονος.
811 2602 922 2668 Ταῦτα
938 2606 1055 2668 τοίνυν
1073 2594 1117 2680 οδς

153 2695 266 2788 ἀληθή
283 2702 386 2789 λέγω,
405 2696 636 2790 ἀναγίγνωσκε
653 2696 712 2778 τοὶς
729 2706 933 2789 μαρτυρίας..

527 2861 739 2915 MAPTTPIAI.

229 2999 327 3072 Μετά
351 3007 457 3075 ταντα
481 3011 600 3075 τοίνυν
625 2999 644 3075 ὁ
672 3001 891 3091 Φιλοκτήμων
907 3006 1167 3094 τριηραρχεῖνῖῖ
1238 3032 1240 3036 ·

153 3106 230 3193 περὶ
249 3110 333 3173 Χίον
350 3099 555 3193 ἀποθνήσκει
580 3101 647 3175 ὑπὸ
664 3108 732 3175 των
749 3112 931 3193 πολεμίων·
959 3099 977 3174 ὁ
998 3100 1031 3173 δ’
1049 3100 1115 3176 Εὕ-

152 3203 288 3294 κτήμων
304 3200 446 3295 ὕστερον
462 3205 570 3297 χρόνῳ
582 3203 664 3293 πρδς
681 3203 759 3285 τούς
777 3202 937 3291 κηδεστὰς
955 3203 1047 3273 εἰπεν
1065 3200 1116 3273 ὅτι

153 3306 307 3394 βούλοιτο
332 3302 374 3374 τά
399 3302 480 3395 πρὸς
505 3302 563 3375 τὸν
588 3304 665 3375 υἰόν
690 3310 725 3374 οἰ
747 3307 962 3395 πεπραγμένα
987 3301 1116 3394 γράψας

154 3410 369 3496 καταθέσθαι.
406 3409 462 3476 καί
478 3401 496 3475 ὁ
514 3406 576 3494 μὲν
595 3403 826 3494 Φανόστρατος
853 3408 985 3473 ἐκπλεῖν
1003 3410 1116 3492 ἔμελλε

154 3511 360 3598 τριηραρχῶν
385 3504 468 3597 μετὰ
489 3508 670 3596 Τιμοθέου,
700 3507 755 3575 καί
772 3500 793 3592 ἡ
810 3508 894 3585 ναῦς
911 3500 1003 3596 αὐτῷ
1020 3502 1115 3595 έξοίρ·
1157 3563 1179 3618 ·

155 3634 209 3695 μει
220 3616 445 3698 Μουνυχίασι,
464 3610 520 3678 καί
537 3602 555 3677 ὁ
573 3605 735 3695 κηδεστής
746 3608 890 3695 Χαιρέας
902 3601 1019 3693 παροίν
1035 3626 1115 3688 σνν-
1158 3655 1160 3662 ·

157 3709 354 3779 απέστελλεν
371 3707 490 3782 αὐτόν·
501 3703 527 3780 ’ὁ
546 3704 579 3779 δ’
598 3704 787 3797 Εὐκτήμων
803 3703 1007 3799 παραλαβών
1022 3733 1114 3787 τινας
1146 3729 1148 3734 ’
1267 3779 1270 3784 .
