<?xml version="1.0" encoding="UTF-8"?>
<!DOCTYPE html PUBLIC "-//W3C//DTD XHTML 1.0 Transitional//EN"
    "http://www.w3.org/TR/xhtml1/DTD/xhtml1-transitional.dtd">
<html xmlns="http://www.w3.org/1999/xhtml" xml:lang="en" lang="en">
 <head>
  <title>
</title>
<meta http-equiv="Content-Type" content="text/html;charset=utf-8" />
  <meta name='ocr-system' content='tesseract 3.04.00' />
  <meta name='ocr-capabilities' content='ocr_page ocr_carea ocr_par ocr_line ocrx_word'/>
</head>
<body>
  <div class='ocr_page' id='page_1' title='image "./orationescumali01isaegoog_0086.png"; bbox 0 0 2734 4375; ppageno 0'>
   <div class='ocr_carea' id='block_1_1' title="bbox 251 419 1208 491">
    <p class='ocr_par' dir='ltr' id='par_1_1' title="bbox 251 419 1208 491">
     <span class='ocr_line' id='line_1_1' title="bbox 251 419 1208 491; baseline 0.009 -24"><span class='ocrx_word' id='word_1_1' title='bbox 251 430 292 491; x_wconf 72' lang='lat'><strong><em>22</em></strong></span> <span class='ocrx_word' id='word_1_2' title='bbox 458 462 462 469; x_wconf 87' lang='lat'><em>.</em></span> <span class='ocrx_word' id='word_1_3' title='bbox 667 419 795 473; x_wconf 77' lang='grc' dir='ltr'><strong>ῑΣΔΙΟΤ</strong></span> <span class='ocrx_word' id='word_1_4' title='bbox 1113 424 1165 476; x_wconf 84' lang='grc' dir='ltr'><strong><em>οι.</em></strong></span> <span class='ocrx_word' id='word_1_5' title='bbox 1182 424 1208 475; x_wconf 80' lang='lat'><strong><em>2.</em></strong></span> 
     </span>
    </p>
   </div>
   <div class='ocr_carea' id='block_1_2' title="bbox 153 585 1255 3787">
    <p class='ocr_par' dir='ltr' id='par_1_2' title="bbox 250 585 1212 981">
     <span class='ocr_line' id='line_1_2' title="bbox 253 585 1212 712; baseline 0.003 -51"><span class='ocrx_word' id='word_1_6' title='bbox 253 588 363 681; x_wconf 76' lang='grc' dir='ltr'><strong><em>έβη”</em></strong></span> <span class='ocrx_word' id='word_1_7' title='bbox 336 613 419 661; x_wconf 85' lang='grc' dir='ltr'><strong><em>ωοτε</em></strong></span> <span class='ocrx_word' id='word_1_8' title='bbox 437 595 531 661; x_wconf 85' lang='grc' dir='ltr'><strong><em>έκ</em></strong></span> <span class='ocrx_word' id='word_1_9' title='bbox 489 620 546 678; x_wconf 84' lang='grc' dir='ltr'><strong><em>της</em></strong></span> <span class='ocrx_word' id='word_1_10' title='bbox 564 587 769 680; x_wconf 73' lang='grc' dir='ltr'><strong><em>ἀδελφῆς</em></strong></span> <span class='ocrx_word' id='word_1_11' title='bbox 728 619 785 678; x_wconf 88' lang='grc' dir='ltr'><strong><em>της</em></strong></span> <span class='ocrx_word' id='word_1_12' title='bbox 808 585 964 679; x_wconf 78' lang='grc' dir='ltr'><strong><em>ἡμετέρας</em></strong></span> <span class='ocrx_word' id='word_1_13' title='bbox 979 599 1100 712; x_wconf 81' lang='grc' dir='ltr'><strong><em>παῖδας</em></strong></span> <span class='ocrx_word' id='word_1_14' title='bbox 1119 591 1212 687; x_wconf 76' lang='grc' dir='ltr'><strong><em>αὐτῷ</em></strong></span> 
     </span>
     <span class='ocr_line' id='line_1_3' title="bbox 251 686 1209 782; baseline 0.001 -21"><span class='ocrx_word' id='word_1_15' title='bbox 251 690 296 782; x_wconf 74' lang='grc' dir='ltr'><strong><em>μὴ</em></strong></span> <span class='ocrx_word' id='word_1_16' title='bbox 312 695 489 780; x_wconf 82' lang='grc' dir='ltr'><strong><em>γενέσθαι,</em></strong></span> <span class='ocrx_word' id='word_1_17' title='bbox 515 696 551 761; x_wconf 81' lang='grc' dir='ltr'><strong><em>ἐκ</em></strong></span> <span class='ocrx_word' id='word_1_18' title='bbox 567 689 688 779; x_wconf 80' lang='grc' dir='ltr'><strong><em>ταύτης</em></strong></span> <span class='ocrx_word' id='word_1_19' title='bbox 704 694 761 779; x_wconf 77' lang='grc' dir='ltr'><strong><em>τῆς</em></strong></span> <span class='ocrx_word' id='word_1_20' title='bbox 777 698 883 770; x_wconf 77' lang='grc' dir='ltr'><strong><em>οἰκίας</em></strong></span> <span class='ocrx_word' id='word_1_21' title='bbox 905 686 980 760; x_wconf 85' lang='grc' dir='ltr'><strong><em>νίόν</em></strong></span> <span class='ocrx_word' id='word_1_22' title='bbox 1003 686 1095 782; x_wconf 72' lang='grc' dir='ltr'><strong><em>αὐτῷ</em></strong></span> <span class='ocrx_word' id='word_1_23' title='bbox 1114 695 1209 781; x_wconf 83' lang='grc' dir='ltr'><strong><em>ποιή-</em></strong></span> 
     </span>
     <span class='ocr_line' id='line_1_4' title="bbox 251 781 1211 914; baseline -0.001 -52"><span class='ocrx_word' id='word_1_24' title='bbox 251 805 393 880; x_wconf 84' lang='grc' dir='ltr'><strong><em>σασθαι,</em></strong></span> <span class='ocrx_word' id='word_1_25' title='bbox 417 789 500 862; x_wconf 82' lang='grc' dir='ltr'><strong><em>ὅθεν</em></strong></span> <span class='ocrx_word' id='word_1_26' title='bbox 517 781 574 861; x_wconf 82' lang='grc' dir='ltr'><strong><em>καὶ</em></strong></span> <span class='ocrx_word' id='word_1_27' title='bbox 595 789 697 914; x_wconf 66' lang='grc' dir='ltr'><strong><em>φάσει</em></strong></span> <span class='ocrx_word' id='word_1_28' title='bbox 719 797 840 872; x_wconf 81' lang='grc' dir='ltr'><strong><em>παῖδας</em></strong></span> <span class='ocrx_word' id='word_1_29' title='bbox 864 785 1072 878; x_wconf 75' lang='grc' dir='ltr'><strong><em>ἐβουλήθη”</em></strong></span> <span class='ocrx_word' id='word_1_30' title='bbox 1051 820 1094 861; x_wconf 91' lang='grc' dir='ltr'><strong><em>αν</em></strong></span> <span class='ocrx_word' id='word_1_31' title='bbox 1115 788 1211 884; x_wconf 72' lang='grc' dir='ltr'><strong><em>αὐτῷ</em></strong></span> 
     </span>
     <span class='ocr_line' id='line_1_5' title="bbox 250 881 1208 1013; baseline -0.002 -51"><span class='ocrx_word' id='word_1_32' title='bbox 250 895 423 1013; x_wconf 73' lang='grc' dir='ltr'><strong><em>γενέσθαι</em></strong></span> <span class='ocrx_word' id='word_1_33' title='bbox 464 887 584 981; x_wconf 83' lang='grc' dir='ltr'><strong><em>,,άμων</em></strong></span> <span class='ocrx_word' id='word_1_34' title='bbox 606 881 689 963; x_wconf 82' lang='grc' dir='ltr'><strong><em>νόν”</em></strong></span> <span class='ocrx_word' id='word_1_35' title='bbox 721 899 784 980; x_wconf 83' lang='grc' dir='ltr'><strong><em>ἔφη</em></strong></span> <span class='ocrx_word' id='word_1_36' title='bbox 807 889 992 979; x_wconf 76' lang='grc' dir='ltr'><strong><em>,βούλομαι</em></strong></span> <span class='ocrx_word' id='word_1_37' title='bbox 1013 888 1071 960; x_wconf 87' lang='grc' dir='ltr'><strong><em>τόν</em></strong></span> <span class='ocrx_word' id='word_1_38' title='bbox 1094 895 1208 981; x_wconf 80' lang='grc' dir='ltr'><strong><em>ἕτερον</em></strong></span> 
     </span>
    </p>

    <p class='ocr_par' dir='ltr' id='par_1_3' title="bbox 203 978 1216 1984">
     <span class='ocr_line' id='line_1_6' title="bbox 203 978 1206 1113; baseline -0.005 -47"><span class='ocrx_word' id='word_1_39' title='bbox 203 1018 234 1069; x_wconf 81' lang='lat'><strong><em>12</em></strong></span> <span class='ocrx_word' id='word_1_40' title='bbox 251 978 469 1080; x_wconf 82' lang='grc' dir='ltr'><strong><em>ποιήσασθαι,</em></strong></span> <span class='ocrx_word' id='word_1_41' title='bbox 487 987 671 1083; x_wconf 66' lang='grc' dir='ltr'><strong><em>ὁποτέρω’</em></strong></span> <span class='ocrx_word' id='word_1_42' title='bbox 650 996 747 1081; x_wconf 73' lang='grc' dir='ltr'><strong><em>υμῶν</em></strong></span> <span class='ocrx_word' id='word_1_43' title='bbox 764 996 871 1072; x_wconf 87' lang='grc' dir='ltr'><strong><em>καλως</em></strong></span> <span class='ocrx_word' id='word_1_44' title='bbox 889 985 988 1081; x_wconf 84' lang='grc' dir='ltr'><strong><em>ἕχει.”</em></strong></span> <span class='ocrx_word' id='word_1_45' title='bbox 1005 986 1091 1066; x_wconf 80' lang='grc' dir='ltr'><strong><em>καὶ</em></strong></span> <span class='ocrx_word' id='word_1_46' title='bbox 1077 1019 1095 1113; x_wconf 81' lang='grc' dir='ltr'><strong><em>ρ</em></strong></span> <span class='ocrx_word' id='word_1_47' title='bbox 1112 988 1206 1061; x_wconf 85' lang='grc' dir='ltr'><strong><em>άδελ-</em></strong></span> 
     </span>
     <span class='ocr_line' id='line_1_7' title="bbox 251 1087 1209 1182; baseline -0.003 -19"><span class='ocrx_word' id='word_1_48' title='bbox 251 1091 313 1182; x_wconf 80' lang='grc' dir='ltr'><strong><em>φὰς</em></strong></span> <span class='ocrx_word' id='word_1_49' title='bbox 330 1090 475 1172; x_wconf 82' lang='grc' dir='ltr'><strong><em>άκοάσας</em></strong></span> <span class='ocrx_word' id='word_1_50' title='bbox 487 1096 605 1178; x_wconf 74' lang='grc' dir='ltr'><strong><em>ταῦτα,</em></strong></span> <span class='ocrx_word' id='word_1_51' title='bbox 626 1090 740 1179; x_wconf 77' lang='grc' dir='ltr'><strong><em>ἐπειδὴ</em></strong></span> <span class='ocrx_word' id='word_1_52' title='bbox 757 1098 975 1182; x_wconf 82' lang='grc' dir='ltr'><strong><em>προετίμησεν</em></strong></span> <span class='ocrx_word' id='word_1_53' title='bbox 993 1087 1112 1171; x_wconf 82' lang='grc' dir='ltr'><strong><em>αότοός</em></strong></span> <span class='ocrx_word' id='word_1_54' title='bbox 1128 1091 1209 1160; x_wconf 89' lang='grc' dir='ltr'><strong><em>πάν-</em></strong></span> 
     </span>
     <span class='ocr_line' id='line_1_8' title="bbox 251 1188 1211 1283; baseline -0.004 -20"><span class='ocrx_word' id='word_1_55' title='bbox 251 1221 335 1280; x_wconf 88' lang='grc' dir='ltr'><strong><em>των,</em></strong></span> <span class='ocrx_word' id='word_1_56' title='bbox 355 1191 497 1283; x_wconf 78' lang='grc' dir='ltr'><strong><em>ἐπῄνεσέ</em></strong></span> <span class='ocrx_word' id='word_1_57' title='bbox 510 1219 545 1262; x_wconf 89' lang='grc' dir='ltr'><strong><em>τε</em></strong></span> <span class='ocrx_word' id='word_1_58' title='bbox 557 1189 633 1272; x_wconf 76' lang='grc' dir='ltr'><strong><em>τούς</em></strong></span> <span class='ocrx_word' id='word_1_59' title='bbox 645 1191 764 1278; x_wconf 78' lang='grc' dir='ltr'><strong><em>λόγους</em></strong></span> <span class='ocrx_word' id='word_1_60' title='bbox 782 1189 902 1279; x_wconf 78' lang='grc' dir='ltr'><strong><em>αὐτοῦ,</em></strong></span> <span class='ocrx_word' id='word_1_61' title='bbox 921 1191 1024 1260; x_wconf 83' lang='grc' dir='ltr'><strong><em>καὶ</em></strong></span> <span class='ocrx_word' id='word_1_62' title='bbox 992 1217 1085 1261; x_wconf 87' lang='grc' dir='ltr'><strong><em>ειπεν</em></strong></span> <span class='ocrx_word' id='word_1_63' title='bbox 1095 1188 1144 1260; x_wconf 83' lang='grc' dir='ltr'><strong><em>ὅτι</em></strong></span> <span class='ocrx_word' id='word_1_64' title='bbox 1159 1193 1211 1259; x_wconf 85' lang='grc' dir='ltr'><strong><em>δέ·</em></strong></span> 
     </span>
     <span class='ocr_line' id='line_1_9' title="bbox 251 1287 1215 1382; baseline -0.003 -19"><span class='ocrx_word' id='word_1_65' title='bbox 251 1322 320 1364; x_wconf 92' lang='grc' dir='ltr'><strong><em>οιτο</em></strong></span> <span class='ocrx_word' id='word_1_66' title='bbox 343 1290 366 1382; x_wconf 87' lang='lat'><strong><em>6</em></strong></span> <span class='ocrx_word' id='word_1_67' title='bbox 386 1321 422 1363; x_wconf 89' lang='grc' dir='ltr'><strong><em>τε</em></strong></span> <span class='ocrx_word' id='word_1_68' title='bbox 445 1289 556 1380; x_wconf 81' lang='grc' dir='ltr'><strong><em>ἡλικία</em></strong></span> <span class='ocrx_word' id='word_1_69' title='bbox 573 1287 663 1362; x_wconf 84' lang='grc' dir='ltr'><strong><em>καὶ</em></strong></span> <span class='ocrx_word' id='word_1_70' title='bbox 645 1320 666 1380; x_wconf 94' lang='grc' dir='ltr'><strong><em>η</em></strong></span> <span class='ocrx_word' id='word_1_71' title='bbox 684 1296 836 1381; x_wconf 73' lang='grc' dir='ltr'><strong><em>παροῦσα</em></strong></span> <span class='ocrx_word' id='word_1_72' title='bbox 860 1295 977 1381; x_wconf 77' lang='grc' dir='ltr'><strong><em>ἐρημία</em></strong></span> <span class='ocrx_word' id='word_1_73' title='bbox 1001 1295 1130 1362; x_wconf 80' lang='grc' dir='ltr'><strong><em>ἐκείνου</em></strong></span> <span class='ocrx_word' id='word_1_74' title='bbox 1153 1294 1215 1360; x_wconf 75' lang='grc' dir='ltr'><strong><em>τοῦ</em></strong></span> 
     </span>
     <span class='ocr_line' id='line_1_10' title="bbox 250 1389 1214 1512; baseline -0.003 -49"><span class='ocrx_word' id='word_1_75' title='bbox 250 1392 518 1512; x_wconf 77' lang='grc' dir='ltr'><strong><em>θεραπεύσοντος</em></strong></span> <span class='ocrx_word' id='word_1_76' title='bbox 536 1389 638 1462; x_wconf 74' lang='grc' dir='ltr'><strong><em>αὐτόν</em></strong></span> <span class='ocrx_word' id='word_1_77' title='bbox 652 1395 707 1461; x_wconf 78' lang='grc' dir='ltr'><strong><em>καὶ</em></strong></span> <span class='ocrx_word' id='word_1_78' title='bbox 726 1390 1000 1481; x_wconf 76' lang='grc' dir='ltr'><strong><em>έπιδημόοοντος</em></strong></span> <span class='ocrx_word' id='word_1_79' title='bbox 1038 1395 1134 1482; x_wconf 80' lang='grc' dir='ltr'><strong><em>,,ε’μολ</em></strong></span> <span class='ocrx_word' id='word_1_80' title='bbox 1152 1393 1214 1481; x_wconf 69' lang='grc' dir='ltr'><strong><em>μὲν</em></strong></span> 
     </span>
     <span class='ocr_line' id='line_1_11' title="bbox 251 1482 1214 1616; baseline -0.004 -52"><span class='ocrx_word' id='word_1_81' title='bbox 251 1482 335 1564; x_wconf 81' lang='grc' dir='ltr'><strong><em>οάν”</em></strong></span> <span class='ocrx_word' id='word_1_82' title='bbox 355 1500 419 1581; x_wconf 83' lang='grc' dir='ltr'><strong><em>ἔφη</em></strong></span> <span class='ocrx_word' id='word_1_83' title='bbox 437 1500 649 1616; x_wconf 83' lang='grc' dir='ltr'><strong><em>,,σνμβαίνει</em></strong></span> <span class='ocrx_word' id='word_1_84' title='bbox 655 1488 890 1583; x_wconf 75' lang='grc' dir='ltr'><strong><em>ἀποδημία,</em></strong></span> <span class='ocrx_word' id='word_1_85' title='bbox 866 1521 910 1573; x_wconf 89' lang='grc' dir='ltr'><strong><em>ως</em></strong></span> <span class='ocrx_word' id='word_1_86' title='bbox 932 1490 975 1561; x_wconf 79' lang='grc' dir='ltr'><strong><em>οὐ</em></strong></span> <span class='ocrx_word' id='word_1_87' title='bbox 992 1492 1107 1562; x_wconf 84' lang='grc' dir='ltr'><strong><em>οἶσθα</em></strong></span> <span class='ocrx_word' id='word_1_88' title='bbox 1131 1487 1149 1562; x_wconf 89' lang='lat'><strong><em>6</em></strong></span> <span class='ocrx_word' id='word_1_89' title='bbox 1177 1493 1214 1561; x_wconf 75' lang='grc' dir='ltr'><strong><em>δὲ</em></strong></span> 
     </span>
     <span class='ocr_line' id='line_1_12' title="bbox 251 1589 1212 1684; baseline -0.001 -22"><span class='ocrx_word' id='word_1_90' title='bbox 251 1589 395 1680; x_wconf 82' lang='grc' dir='ltr'><strong><em>άδελφός</em></strong></span> <span class='ocrx_word' id='word_1_91' title='bbox 418 1589 549 1662; x_wconf 63' lang='grc' dir='ltr'><strong><em>οὑτοσί</em></strong></span> <span class='ocrx_word' id='word_1_92' title='bbox 551 1590 640 1684; x_wconf 71' lang='grc' dir='ltr'><strong><em>’ἐμὲ</em></strong></span> <span class='ocrx_word' id='word_1_93' title='bbox 651 1595 758 1681; x_wconf 84' lang='grc' dir='ltr'><strong><em>λέγων</em></strong></span> <span class='ocrx_word' id='word_1_94' title='bbox 776 1621 866 1682; x_wconf 90' lang='grc' dir='ltr'><strong><em>,,των</em></strong></span> <span class='ocrx_word' id='word_1_95' title='bbox 883 1620 919 1662; x_wconf 93' lang='grc' dir='ltr'><strong><em>τε</em></strong></span> <span class='ocrx_word' id='word_1_96' title='bbox 936 1596 1005 1662; x_wconf 78' lang='grc' dir='ltr'><strong><em>οων</em></strong></span> <span class='ocrx_word' id='word_1_97' title='bbox 1023 1591 1212 1681; x_wconf 79' lang='grc' dir='ltr'><strong><em>ἐπιμελήσε-</em></strong></span> 
     </span>
     <span class='ocr_line' id='line_1_13' title="bbox 251 1689 1212 1783; baseline 0 -21"><span class='ocrx_word' id='word_1_98' title='bbox 251 1721 304 1762; x_wconf 90' lang='grc' dir='ltr'><strong><em>ται</em></strong></span> <span class='ocrx_word' id='word_1_99' title='bbox 327 1694 382 1761; x_wconf 80' lang='grc' dir='ltr'><strong><em>καὶ</em></strong></span> <span class='ocrx_word' id='word_1_100' title='bbox 405 1698 472 1763; x_wconf 77' lang='grc' dir='ltr'><strong><em>των</em></strong></span> <span class='ocrx_word' id='word_1_101' title='bbox 497 1698 601 1782; x_wconf 75' lang='grc' dir='ltr'><strong><em>ἐμεῖν,</em></strong></span> <span class='ocrx_word' id='word_1_102' title='bbox 621 1691 680 1765; x_wconf 78' lang='grc' dir='ltr'><strong><em>ἐάν</em></strong></span> <span class='ocrx_word' id='word_1_103' title='bbox 702 1691 808 1783; x_wconf 85' lang='grc' dir='ltr'><strong><em>βοάλη</em></strong></span> <span class='ocrx_word' id='word_1_104' title='bbox 831 1697 948 1763; x_wconf 80' lang='grc' dir='ltr'><strong><em>τοῦτον</em></strong></span> <span class='ocrx_word' id='word_1_105' title='bbox 975 1689 1212 1780; x_wconf 79' lang='grc' dir='ltr'><strong><em>ποιησασθαι.”</em></strong></span> 
     </span>
     <span class='ocr_line' id='line_1_14' title="bbox 252 1787 1216 1885; baseline -0.001 -23"><span class='ocrx_word' id='word_1_106' title='bbox 252 1796 307 1885; x_wconf 77' lang='grc' dir='ltr'><strong><em>καὶ</em></strong></span> <span class='ocrx_word' id='word_1_107' title='bbox 324 1787 342 1863; x_wconf 87' lang='lat'><strong><em>6</em></strong></span> <span class='ocrx_word' id='word_1_108' title='bbox 360 1797 537 1883; x_wconf 80' lang='grc' dir='ltr'><strong><em>Μενεκλῆς</em></strong></span> <span class='ocrx_word' id='word_1_109' title='bbox 554 1797 662 1875; x_wconf 80' lang='grc' dir='ltr'><strong><em>κάλως</em></strong></span> <span class='ocrx_word' id='word_1_110' title='bbox 680 1802 743 1883; x_wconf 77' lang='grc' dir='ltr'><strong><em>ἔφη</em></strong></span> <span class='ocrx_word' id='word_1_111' title='bbox 762 1789 865 1864; x_wconf 77' lang='grc' dir='ltr'><strong><em>αὐτόν</em></strong></span> <span class='ocrx_word' id='word_1_112' title='bbox 882 1796 1007 1882; x_wconf 85' lang='grc' dir='ltr'><strong><em>λέγειν,</em></strong></span> <span class='ocrx_word' id='word_1_113' title='bbox 1024 1796 1079 1862; x_wconf 80' lang='grc' dir='ltr'><strong><em>καὶ</em></strong></span> <span class='ocrx_word' id='word_1_114' title='bbox 1099 1796 1135 1862; x_wconf 84' lang='grc' dir='ltr'><strong><em>ἐκ</em></strong></span> <span class='ocrx_word' id='word_1_115' title='bbox 1152 1797 1216 1862; x_wconf 74' lang='grc' dir='ltr'><strong><em>τοῦ</em></strong></span> 
     </span>
     <span class='ocr_line' id='line_1_15' title="bbox 250 1893 740 2014; baseline -0.002 -50"><span class='ocrx_word' id='word_1_116' title='bbox 250 1893 376 1984; x_wconf 78' lang='grc' dir='ltr'><strong><em>τρόπου</em></strong></span> <span class='ocrx_word' id='word_1_117' title='bbox 393 1894 512 2014; x_wconf 69' lang='lat'>606606</span> <span class='ocrx_word' id='word_1_118' title='bbox 531 1903 677 1964; x_wconf 85' lang='grc' dir='ltr'><strong><em>ποιεῖταί</em></strong></span> <span class='ocrx_word' id='word_1_119' title='bbox 691 1922 740 1984; x_wconf 91' lang='grc' dir='ltr'><strong><em>με,</em></strong></span> 
     </span>
    </p>

    <p class='ocr_par' dir='ltr' id='par_1_4' title="bbox 202 1985 1255 2784">
     <span class='ocr_line' id='line_1_16' title="bbox 202 1985 1213 2114; baseline -0.003 -50"><span class='ocrx_word' id='word_1_120' title='bbox 202 2013 255 2069; x_wconf 82' lang='grc'><strong><em>13.</em></strong></span> <span class='ocrx_word' id='word_1_121' title='bbox 323 1990 378 2074; x_wconf 77' lang='grc' dir='ltr'><strong><em>Ὡς</em></strong></span> <span class='ocrx_word' id='word_1_122' title='bbox 407 1985 470 2064; x_wconf 83' lang='grc' dir='ltr'><strong><em>οόν</em></strong></span> <span class='ocrx_word' id='word_1_123' title='bbox 498 1992 580 2063; x_wconf 84' lang='grc' dir='ltr'><strong><em>κατά</em></strong></span> <span class='ocrx_word' id='word_1_124' title='bbox 608 1992 686 2074; x_wconf 85' lang='grc' dir='ltr'><strong><em>τοδς</em></strong></span> <span class='ocrx_word' id='word_1_125' title='bbox 713 1993 835 2080; x_wconf 87' lang='grc' dir='ltr'><strong><em>νόμους</em></strong></span> <span class='ocrx_word' id='word_1_126' title='bbox 865 1989 1040 2080; x_wconf 83' lang='grc' dir='ltr'><strong><em>ἐγένετο</em></strong></span> <span class='ocrx_word' id='word_1_127' title='bbox 1022 2023 1042 2080; x_wconf 91' lang='grc' dir='ltr'><strong><em>η</em></strong></span> <span class='ocrx_word' id='word_1_128' title='bbox 1056 2001 1213 2114; x_wconf 88' lang='grc' dir='ltr'><strong><em>ποίησις,</em></strong></span> 
     </span>
     <span class='ocr_line' id='line_1_17' title="bbox 251 2089 1255 2217; baseline -0.001 -54"><span class='ocrx_word' id='word_1_129' title='bbox 251 2097 350 2191; x_wconf 73' lang='grc' dir='ltr'><strong><em>τοῦτο</em></strong></span> <span class='ocrx_word' id='word_1_130' title='bbox 378 2090 485 2217; x_wconf 65' lang='lat' dir='ltr'><strong><em>6663u</em></strong></span> <span class='ocrx_word' id='word_1_131' title='bbox 493 2091 653 2181; x_wconf 81' lang='grc' dir='ltr'><strong><em>βούλομαι</em></strong></span> <span class='ocrx_word' id='word_1_132' title='bbox 678 2091 816 2174; x_wconf 77' lang='grc' dir='ltr'><strong><em>διδάξω.</em></strong></span> <span class='ocrx_word' id='word_1_133' title='bbox 864 2101 923 2161; x_wconf 87' lang='grc' dir='ltr'><strong><em>καί</em></strong></span> <span class='ocrx_word' id='word_1_134' title='bbox 947 2121 1001 2180; x_wconf 94' lang='grc' dir='ltr'><strong><em>μοι</em></strong></span> <span class='ocrx_word' id='word_1_135' title='bbox 1030 2089 1088 2164; x_wconf 87' lang='grc' dir='ltr'><strong><em>τόν</em></strong></span> <span class='ocrx_word' id='word_1_136' title='bbox 1109 2091 1215 2181; x_wconf 89' lang='grc' dir='ltr'><strong><em>νόμον</em></strong></span> <span class='ocrx_word' id='word_1_137' title='bbox 1253 2133 1255 2137; x_wconf 92' lang='grc'><em>·</em></span> 
     </span>
     <span class='ocr_line' id='line_1_18' title="bbox 251 2185 1214 2315; baseline -0.001 -52"><span class='ocrx_word' id='word_1_138' title='bbox 251 2185 442 2315; x_wconf 66' lang='grc' dir='ltr'><strong><em>άνάγνωθι,</em></strong></span> <span class='ocrx_word' id='word_1_139' title='bbox 465 2189 501 2273; x_wconf 85' lang='grc' dir='ltr'><strong><em>δς</em></strong></span> <span class='ocrx_word' id='word_1_140' title='bbox 525 2192 653 2263; x_wconf 75' lang='grc' dir='ltr'><strong><em>κελεύει</em></strong></span> <span class='ocrx_word' id='word_1_141' title='bbox 675 2190 716 2264; x_wconf 85' lang='grc' dir='ltr'><strong><em>τά</em></strong></span> <span class='ocrx_word' id='word_1_142' title='bbox 742 2196 863 2262; x_wconf 79' lang='grc' dir='ltr'><strong><em>ἑαυτου</em></strong></span> <span class='ocrx_word' id='word_1_143' title='bbox 852 2196 1007 2275; x_wconf 79' lang='grc' dir='ltr'><strong><em>ἐξεῖναι</em></strong></span> <span class='ocrx_word' id='word_1_144' title='bbox 1033 2196 1214 2264; x_wconf 76' lang='grc' dir='ltr'><strong><em>διαθέσθαι</em></strong></span> 
     </span>
     <span class='ocr_line' id='line_1_19' title="bbox 252 2283 1212 2414; baseline 0.001 -52"><span class='ocrx_word' id='word_1_145' title='bbox 252 2289 343 2373; x_wconf 81' lang='grc' dir='ltr'><strong><em>ὅπως</em></strong></span> <span class='ocrx_word' id='word_1_146' title='bbox 360 2288 403 2364; x_wconf 82' lang='grc' dir='ltr'><strong><em>άν</em></strong></span> <span class='ocrx_word' id='word_1_147' title='bbox 423 2296 540 2383; x_wconf 84' lang='grc' dir='ltr'><strong><em>ἐθέλη,</em></strong></span> <span class='ocrx_word' id='word_1_148' title='bbox 567 2291 625 2364; x_wconf 83' lang='grc' dir='ltr'><strong><em>ἐάν</em></strong></span> <span class='ocrx_word' id='word_1_149' title='bbox 623 2322 688 2414; x_wconf 89' lang='grc' dir='ltr'><strong><em>μη</em></strong></span> <span class='ocrx_word' id='word_1_150' title='bbox 676 2289 860 2373; x_wconf 78' lang='grc' dir='ltr'><strong><em>παῖδες”</em></strong></span> <span class='ocrx_word' id='word_1_151' title='bbox 839 2320 975 2414; x_wconf 86' lang='grc' dir='ltr'><strong><em>αρρενες</em></strong></span> <span class='ocrx_word' id='word_1_152' title='bbox 993 2283 1055 2363; x_wconf 67' lang='grc' dir='ltr'><strong><em>οἶοι</em></strong></span> <span class='ocrx_word' id='word_1_153' title='bbox 1072 2293 1212 2382; x_wconf 81' lang='grc' dir='ltr'><strong><em>γνήσιοι.</em></strong></span> 
     </span>
     <span class='ocr_line' id='line_1_20' title="bbox 250 2383 1214 2515; baseline 0 -52"><span class='ocrx_word' id='word_1_154' title='bbox 250 2388 355 2484; x_wconf 85' lang='grc' dir='ltr'><strong><em>όγάρ</em></strong></span> <span class='ocrx_word' id='word_1_155' title='bbox 378 2397 578 2515; x_wconf 83' lang='grc' dir='ltr'><strong><em>νομοθέτης,</em></strong></span> <span class='ocrx_word' id='word_1_156' title='bbox 609 2422 635 2463; x_wconf 92' lang='grc' dir='ltr'><strong><em>ω</em></strong></span> <span class='ocrx_word' id='word_1_157' title='bbox 623 2383 790 2483; x_wconf 84' lang='grc' dir='ltr'><strong><em>άνδρες,</em></strong></span> <span class='ocrx_word' id='word_1_158' title='bbox 822 2390 877 2462; x_wconf 87' lang='grc' dir='ltr'><strong><em>διά</em></strong></span> <span class='ocrx_word' id='word_1_159' title='bbox 905 2396 1001 2463; x_wconf 77' lang='grc' dir='ltr'><strong><em>τοῦτο</em></strong></span> <span class='ocrx_word' id='word_1_160' title='bbox 1029 2389 1093 2472; x_wconf 86' lang='grc' dir='ltr'><strong><em>τόν</em></strong></span> <span class='ocrx_word' id='word_1_161' title='bbox 1110 2392 1214 2515; x_wconf 69' lang='grc' dir='ltr'><strong><em>νόμον</em></strong></span> 
     </span>
     <span class='ocr_line' id='line_1_21' title="bbox 252 2484 1215 2614; baseline 0.001 -50"><span class='ocrx_word' id='word_1_162' title='bbox 252 2490 434 2583; x_wconf 74' lang='grc' dir='ltr'><strong><em>έθηκευ”</em></strong></span> <span class='ocrx_word' id='word_1_163' title='bbox 391 2523 514 2582; x_wconf 86' lang='grc' dir='ltr'><strong><em>ουτως,</em></strong></span> <span class='ocrx_word' id='word_1_164' title='bbox 532 2489 622 2586; x_wconf 86' lang='grc' dir='ltr'><strong><em>ὁρων</em></strong></span> <span class='ocrx_word' id='word_1_165' title='bbox 639 2493 745 2614; x_wconf 84' lang='grc' dir='ltr'><strong><em>μόνην</em></strong></span> <span class='ocrx_word' id='word_1_166' title='bbox 763 2492 888 2581; x_wconf 85' lang='grc' dir='ltr'><strong><em>ταότην</em></strong></span> <span class='ocrx_word' id='word_1_167' title='bbox 900 2491 1096 2614; x_wconf 78' lang='grc' dir='ltr'><strong><em>καταφυγὴν</em></strong></span> <span class='ocrx_word' id='word_1_168' title='bbox 1107 2484 1215 2565; x_wconf 77' lang='grc' dir='ltr'><strong><em>οὖσαν</em></strong></span> 
     </span>
     <span class='ocr_line' id='line_1_22' title="bbox 250 2591 1215 2686; baseline -0.001 -21"><span class='ocrx_word' id='word_1_169' title='bbox 250 2600 309 2683; x_wconf 77' lang='grc' dir='ltr'><strong><em>τῆς</em></strong></span> <span class='ocrx_word' id='word_1_170' title='bbox 327 2600 461 2686; x_wconf 77' lang='grc' dir='ltr'><strong><em>ἐρημίας</em></strong></span> <span class='ocrx_word' id='word_1_171' title='bbox 479 2599 534 2665; x_wconf 82' lang='grc' dir='ltr'><strong><em>καὶ</em></strong></span> <span class='ocrx_word' id='word_1_172' title='bbox 552 2593 752 2686; x_wconf 75' lang='grc' dir='ltr'><strong><em>παραψυχὴν</em></strong></span> <span class='ocrx_word' id='word_1_173' title='bbox 770 2598 829 2664; x_wconf 84' lang='grc' dir='ltr'><em>τοῦ</em></span> <span class='ocrx_word' id='word_1_174' title='bbox 840 2602 918 2681; x_wconf 90' lang='grc' dir='ltr'><strong><em>βίου</em></strong></span> <span class='ocrx_word' id='word_1_175' title='bbox 934 2610 1002 2674; x_wconf 78' lang='grc' dir='ltr'><strong><em>τοῖς</em></strong></span> <span class='ocrx_word' id='word_1_176' title='bbox 1019 2591 1133 2663; x_wconf 84' lang='grc' dir='ltr'><strong><em>άπαισι</em></strong></span> <span class='ocrx_word' id='word_1_177' title='bbox 1146 2598 1215 2664; x_wconf 75' lang='grc' dir='ltr'><strong><em>τοῖν</em></strong></span> 
     </span>
     <span class='ocr_line' id='line_1_23' title="bbox 251 2689 1213 2811; baseline -0.002 -46"><span class='ocrx_word' id='word_1_178' title='bbox 251 2692 459 2784; x_wconf 86' lang='grc' dir='ltr'><strong><em>άνθριόπων,</em></strong></span> <span class='ocrx_word' id='word_1_179' title='bbox 483 2694 520 2765; x_wconf 87' lang='grc' dir='ltr'><strong><em>τό</em></strong></span> <span class='ocrx_word' id='word_1_180' title='bbox 539 2700 660 2779; x_wconf 78' lang='grc' dir='ltr'><strong><em>ἐξεῖναι</em></strong></span> <span class='ocrx_word' id='word_1_181' title='bbox 683 2692 886 2811; x_wconf 68' lang='grc' dir='ltr'><strong><em>ποιησαοθαι</em></strong></span> <span class='ocrx_word' id='word_1_182' title='bbox 909 2691 1046 2764; x_wconf 80' lang='grc' dir='ltr'><strong><em>ὅντινα</em></strong></span> <span class='ocrx_word' id='word_1_183' title='bbox 1066 2689 1109 2763; x_wconf 81' lang='grc' dir='ltr'><strong><em>άν</em></strong></span> <span class='ocrx_word' id='word_1_184' title='bbox 1133 2693 1213 2780; x_wconf 83' lang='grc' dir='ltr'><strong><em>βοά-</em></strong></span> 
     </span>
    </p>

    <p class='ocr_par' dir='ltr' id='par_1_5' title="bbox 153 2786 1214 3383">
     <span class='ocr_line' id='line_1_24' title="bbox 153 2786 1214 2887; baseline 0 -24"><span class='ocrx_word' id='word_1_185' title='bbox 153 2835 156 2852; x_wconf 88' lang='lat'>·</span> <span class='ocrx_word' id='word_1_186' title='bbox 203 2805 235 2855; x_wconf 85' lang='grc'><strong><em>14</em></strong></span> <span class='ocrx_word' id='word_1_187' title='bbox 252 2803 382 2865; x_wconf 88' lang='grc' dir='ltr'><strong><em>λωυται.</em></strong></span> <span class='ocrx_word' id='word_1_188' title='bbox 432 2793 595 2866; x_wconf 75' lang='grc' dir='ltr'><strong><em>διδόντων</em></strong></span> <span class='ocrx_word' id='word_1_189' title='bbox 619 2786 682 2865; x_wconf 81' lang='grc' dir='ltr'><strong><em>οὖν</em></strong></span> <span class='ocrx_word' id='word_1_190' title='bbox 705 2823 772 2864; x_wconf 91' lang='grc' dir='ltr'><strong><em>των</em></strong></span> <span class='ocrx_word' id='word_1_191' title='bbox 794 2791 907 2882; x_wconf 92' lang='grc' dir='ltr'><strong><em>νόμων</em></strong></span> <span class='ocrx_word' id='word_1_192' title='bbox 930 2790 1023 2887; x_wconf 74' lang='grc' dir='ltr'><strong><em>αὐτῷ</em></strong></span> <span class='ocrx_word' id='word_1_193' title='bbox 1044 2806 1214 2863; x_wconf 81' lang='grc' dir='ltr'><strong><em>ποιεῖσθαι</em></strong></span> 
     </span>
     <span class='ocr_line' id='line_1_25' title="bbox 254 2890 1214 2982; baseline 0.001 -21"><span class='ocrx_word' id='word_1_194' title='bbox 254 2890 359 2961; x_wconf 85' lang='grc' dir='ltr'><strong><em>διά</em></strong></span> <span class='ocrx_word' id='word_1_195' title='bbox 325 2922 362 2963; x_wconf 91' lang='grc' dir='ltr'><strong><em>το</em></strong></span> <span class='ocrx_word' id='word_1_196' title='bbox 381 2893 465 2963; x_wconf 89' lang='grc' dir='ltr'><strong><em>εἶναι</em></strong></span> <span class='ocrx_word' id='word_1_197' title='bbox 482 2891 623 2981; x_wconf 78' lang='grc' dir='ltr'><strong><em>ἄπαιδα,</em></strong></span> <span class='ocrx_word' id='word_1_198' title='bbox 643 2894 699 2982; x_wconf 71' lang='grc' dir='ltr'><strong><em>ἐμὲ</em></strong></span> <span class='ocrx_word' id='word_1_199' title='bbox 716 2909 873 2982; x_wconf 79' lang='grc' dir='ltr'><strong><em>ποιεῖται,</em></strong></span> <span class='ocrx_word' id='word_1_200' title='bbox 891 2890 953 2964; x_wconf 81' lang='grc' dir='ltr'><strong><em>οὐκ</em></strong></span> <span class='ocrx_word' id='word_1_201' title='bbox 971 2898 1006 2963; x_wconf 82' lang='grc' dir='ltr'><strong><em>έν</em></strong></span> <span class='ocrx_word' id='word_1_202' title='bbox 1024 2893 1214 2982; x_wconf 85' lang='grc' dir='ltr'><strong><em>διαθηκαις,</em></strong></span> 
     </span>
     <span class='ocr_line' id='line_1_26' title="bbox 254 2946 1214 3118; baseline 0.003 -58"><span class='ocrx_word' id='word_1_203' title='bbox 254 2981 282 3061; x_wconf 82' lang='lat'><strong><em>6</em></strong></span> <span class='ocrx_word' id='word_1_204' title='bbox 310 2989 446 3081; x_wconf 84' lang='grc' dir='ltr'><strong><em>άνδρες,</em></strong></span> <span class='ocrx_word' id='word_1_205' title='bbox 475 2993 622 3083; x_wconf 77' lang='grc' dir='ltr'><strong><em>γράψας,</em></strong></span> <span class='ocrx_word' id='word_1_206' title='bbox 657 2994 787 3082; x_wconf 80' lang='grc' dir='ltr'><strong><em>μέλλων</em></strong></span> <span class='ocrx_word' id='word_1_207' title='bbox 814 2946 1060 3083; x_wconf 81' lang='grc' dir='ltr'><strong><em>άπόθνησκειν,</em></strong></span> <span class='ocrx_word' id='word_1_208' title='bbox 1102 2992 1214 3118; x_wconf 75' lang='grc' dir='ltr'><strong><em>ὥσπερ</em></strong></span> 
     </span>
     <span class='ocr_line' id='line_1_27' title="bbox 252 3088 1212 3213; baseline 0.003 -52"><span class='ocrx_word' id='word_1_209' title='bbox 252 3088 345 3213; x_wconf 71' lang='grc' dir='ltr'><strong><em>άλλοι</em></strong></span> <span class='ocrx_word' id='word_1_210' title='bbox 379 3093 465 3172; x_wconf 76' lang='grc' dir='ltr'><strong><em>τινὲς</em></strong></span> <span class='ocrx_word' id='word_1_211' title='bbox 495 3122 563 3163; x_wconf 91' lang='grc' dir='ltr'><strong><em>των</em></strong></span> <span class='ocrx_word' id='word_1_212' title='bbox 590 3089 798 3183; x_wconf 80' lang='grc' dir='ltr'><strong><em>άυθράπων,</em></strong></span> <span class='ocrx_word' id='word_1_213' title='bbox 829 3088 903 3162; x_wconf 78' lang='grc' dir='ltr'><strong><em>οὐδ’</em></strong></span> <span class='ocrx_word' id='word_1_214' title='bbox 935 3090 1108 3165; x_wconf 80' lang='grc' dir='ltr'><strong><em>άσθενων</em></strong></span> <span class='ocrx_word' id='word_1_215' title='bbox 1137 3091 1212 3164; x_wconf 80' lang='grc' dir='ltr'><strong><em>ἀλλ’</em></strong></span> 
     </span>
     <span class='ocr_line' id='line_1_28' title="bbox 253 3182 1213 3284; baseline 0.002 -22"><span class='ocrx_word' id='word_1_216' title='bbox 253 3187 433 3280; x_wconf 79' lang='grc' dir='ltr'><strong><em>ὑγιαίνων,</em></strong></span> <span class='ocrx_word' id='word_1_217' title='bbox 458 3182 496 3260; x_wconf 83' lang='grc' dir='ltr'><strong><em>εό</em></strong></span> <span class='ocrx_word' id='word_1_218' title='bbox 519 3222 672 3283; x_wconf 87' lang='grc' dir='ltr'><strong><em>φρονων,</em></strong></span> <span class='ocrx_word' id='word_1_219' title='bbox 697 3184 737 3263; x_wconf 76' lang='grc' dir='ltr'><strong><em>εὖ</em></strong></span> <span class='ocrx_word' id='word_1_220' title='bbox 758 3221 863 3283; x_wconf 89' lang='grc' dir='ltr'><strong><em>νοων,</em></strong></span> <span class='ocrx_word' id='word_1_221' title='bbox 873 3192 1107 3284; x_wconf 82' lang='grc' dir='ltr'><strong><em>ποιησάμενος</em></strong></span> <span class='ocrx_word' id='word_1_222' title='bbox 1127 3194 1213 3264; x_wconf 84' lang='grc' dir='ltr'><strong><em>εἰσά-</em></strong></span> 
     </span>
     <span class='ocr_line' id='line_1_29' title="bbox 251 3289 1214 3420; baseline 0.001 -57"><span class='ocrx_word' id='word_1_223' title='bbox 251 3321 302 3381; x_wconf 87' lang='grc' dir='ltr'><strong><em>γει</em></strong></span> <span class='ocrx_word' id='word_1_224' title='bbox 319 3320 360 3381; x_wconf 87' lang='grc' dir='ltr'><strong><em>με</em></strong></span> <span class='ocrx_word' id='word_1_225' title='bbox 378 3299 426 3373; x_wconf 90' lang='grc' dir='ltr'><strong><em>είς</em></strong></span> <span class='ocrx_word' id='word_1_226' title='bbox 442 3289 519 3373; x_wconf 83' lang='grc' dir='ltr'><strong><em>τούς</em></strong></span> <span class='ocrx_word' id='word_1_227' title='bbox 542 3292 709 3420; x_wconf 80' lang='grc' dir='ltr'><strong><em>φράτορας</em></strong></span> <span class='ocrx_word' id='word_1_228' title='bbox 726 3291 901 3383; x_wconf 86' lang='grc' dir='ltr'><strong><em>παρόντων</em></strong></span> <span class='ocrx_word' id='word_1_229' title='bbox 924 3293 1068 3381; x_wconf 80' lang='grc' dir='ltr'><strong><em>τούτων,</em></strong></span> <span class='ocrx_word' id='word_1_230' title='bbox 1092 3298 1147 3364; x_wconf 83' lang='grc' dir='ltr'><strong><em>καλ</em></strong></span> <span class='ocrx_word' id='word_1_231' title='bbox 1166 3303 1214 3375; x_wconf 88' lang='grc' dir='ltr'><strong><em>είς</em></strong></span> 
     </span>
    </p>

    <p class='ocr_par' dir='ltr' id='par_1_6' title="bbox 204 3391 1214 3787">
     <span class='ocr_line' id='line_1_30' title="bbox 204 3391 1214 3515; baseline 0.003 -55"><span class='ocrx_word' id='word_1_232' title='bbox 204 3409 235 3461; x_wconf 82' lang='lat'><strong><em>15</em></strong></span> <span class='ocrx_word' id='word_1_233' title='bbox 251 3391 329 3475; x_wconf 83' lang='grc' dir='ltr'><strong><em>τοός</em></strong></span> <span class='ocrx_word' id='word_1_234' title='bbox 348 3392 489 3481; x_wconf 87' lang='grc' dir='ltr'><strong><em>δημότας</em></strong></span> <span class='ocrx_word' id='word_1_235' title='bbox 501 3422 542 3482; x_wconf 87' lang='grc' dir='ltr'><strong><em>με</em></strong></span> <span class='ocrx_word' id='word_1_236' title='bbox 549 3392 717 3514; x_wconf 80' lang='grc' dir='ltr'><strong><em>ἐγγράφει</em></strong></span> <span class='ocrx_word' id='word_1_237' title='bbox 731 3396 830 3462; x_wconf 84' lang='grc' dir='ltr'><strong><em>καὶ’</em></strong></span> <span class='ocrx_word' id='word_1_238' title='bbox 799 3422 845 3475; x_wconf 84' lang='grc' dir='ltr'><strong><em>εις</em></strong></span> <span class='ocrx_word' id='word_1_239' title='bbox 862 3392 939 3475; x_wconf 82' lang='grc' dir='ltr'><strong><em>τοός</em></strong></span> <span class='ocrx_word' id='word_1_240' title='bbox 957 3391 1132 3515; x_wconf 83' lang='grc' dir='ltr'><strong><em>όργεωνας.</em></strong></span> <span class='ocrx_word' id='word_1_241' title='bbox 1157 3398 1214 3465; x_wconf 80' lang='grc' dir='ltr'><strong><em>καὶ</em></strong></span> 
     </span>
     <span class='ocr_line' id='line_1_31' title="bbox 252 3485 1213 3585; baseline 0.002 -23"><span class='ocrx_word' id='word_1_242' title='bbox 252 3492 325 3562; x_wconf 88' lang='grc' dir='ltr'><strong><em>τότε</em></strong></span> <span class='ocrx_word' id='word_1_243' title='bbox 342 3495 404 3584; x_wconf 72' lang='grc' dir='ltr'><strong><em>μέν</em></strong></span> <span class='ocrx_word' id='word_1_244' title='bbox 420 3490 521 3564; x_wconf 75' lang='grc' dir='ltr'><strong><em>οὐδὲν</em></strong></span> <span class='ocrx_word' id='word_1_245' title='bbox 538 3490 713 3581; x_wconf 84' lang='grc' dir='ltr'><strong><em>άυτέλεγον</em></strong></span> <span class='ocrx_word' id='word_1_246' title='bbox 724 3490 815 3564; x_wconf 82' lang='grc' dir='ltr'><strong><em>αότεό</em></strong></span> <span class='ocrx_word' id='word_1_247' title='bbox 825 3485 916 3565; x_wconf 78' lang='grc' dir='ltr'><strong><em>οὗτοι</em></strong></span> <span class='ocrx_word' id='word_1_248' title='bbox 934 3489 978 3574; x_wconf 71' lang='grc' dir='ltr'><strong><em>οἱς</em></strong></span> <span class='ocrx_word' id='word_1_249' title='bbox 995 3490 1058 3565; x_wconf 84' lang='grc' dir='ltr'><strong><em>οόκ</em></strong></span> <span class='ocrx_word' id='word_1_250' title='bbox 1076 3485 1115 3564; x_wconf 80' lang='grc' dir='ltr'><strong><em>εὖ</em></strong></span> <span class='ocrx_word' id='word_1_251' title='bbox 1132 3523 1213 3585; x_wconf 86' lang='grc' dir='ltr'><strong><em>φρο-</em></strong></span> 
     </span>
     <span class='ocr_line' id='line_1_32' title="bbox 253 3585 1213 3682; baseline 0.003 -20"><span class='ocrx_word' id='word_1_252' title='bbox 253 3596 381 3664; x_wconf 79' lang='grc' dir='ltr'><strong><em>νοῦντι</em></strong></span> <span class='ocrx_word' id='word_1_253' title='bbox 407 3604 512 3665; x_wconf 86' lang='grc' dir='ltr'><strong><em>καίτοι</em></strong></span> <span class='ocrx_word' id='word_1_254' title='bbox 535 3590 621 3664; x_wconf 84' lang='grc' dir='ltr'><strong><em>πολό</em></strong></span> <span class='ocrx_word' id='word_1_255' title='bbox 644 3592 779 3665; x_wconf 89' lang='grc' dir='ltr'><strong><em>κάλλιον</em></strong></span> <span class='ocrx_word' id='word_1_256' title='bbox 796 3585 839 3682; x_wconf 79' lang='grc' dir='ltr'><strong><em>ἦν</em></strong></span> <span class='ocrx_word' id='word_1_257' title='bbox 856 3599 960 3679; x_wconf 59' lang='lat' dir='ltr'><strong><em>{aivva</em></strong></span> <span class='ocrx_word' id='word_1_258' title='bbox 977 3602 1112 3666; x_wconf 85' lang='grc' dir='ltr'><strong><em>πείθειν</em></strong></span> <span class='ocrx_word' id='word_1_259' title='bbox 1130 3599 1213 3665; x_wconf 80' lang='grc' dir='ltr'><strong><em>ἐκεῖ</em></strong></span> 
     </span>
     <span class='ocr_line' id='line_1_33' title="bbox 252 3689 1215 3787; baseline 0.003 -24"><span class='ocrx_word' id='word_1_260' title='bbox 252 3720 331 3781; x_wconf 84' lang='grc' dir='ltr'><strong><em>νον,</em></strong></span> <span class='ocrx_word' id='word_1_261' title='bbox 354 3703 387 3762; x_wconf 82' lang='grc' dir='ltr'><strong><em>ελ</em></strong></span> <span class='ocrx_word' id='word_1_262' title='bbox 399 3722 430 3763; x_wconf 87' lang='grc' dir='ltr'><strong><em>τι</em></strong></span> <span class='ocrx_word' id='word_1_263' title='bbox 447 3694 639 3783; x_wconf 79' lang='grc' dir='ltr'><strong><em>βούλοιντο,</em></strong></span> <span class='ocrx_word' id='word_1_264' title='bbox 660 3698 791 3785; x_wconf 86' lang='grc' dir='ltr'><strong><em>μάλλον</em></strong></span> <span class='ocrx_word' id='word_1_265' title='bbox 810 3689 832 3783; x_wconf 88' lang='lat'><strong><em>6</em></strong></span> <span class='ocrx_word' id='word_1_266' title='bbox 854 3692 1096 3782; x_wconf 79' lang='grc' dir='ltr'><strong><em>τελευτήσαντα</em></strong></span> <span class='ocrx_word' id='word_1_267' title='bbox 1116 3691 1215 3787; x_wconf 79' lang='grc' dir='ltr'><strong><em>ὑβρί-</em></strong></span> 
     </span>
    </p>
   </div>
   <div class='ocr_carea' id='block_1_3' title="bbox 0 0 1373 4375">
    <p class='ocr_par' dir='ltr' id='par_1_7' title="bbox 0 0 1373 4375">
     <span class='ocr_line' id='line_1_34' title="bbox 0 0 1373 4375; baseline 0 0"><span class='ocrx_word' id='word_1_268' title='bbox 0 0 1373 4375; x_wconf 95' lang='lat' dir='ltr'><strong><em> </em></strong></span> 
     </span>
    </p>
   </div>
  </div>
 </body>
</html>
