2734 4375
165 444 262 498 026
330 444 419 495 ΠΕΡΙ
436 391 512 495 Τόν
529 440 785 495 Μοοσκσοουε
802 444 967 497 mmor.
1079 452 1120 516 ης
1223 399 1225 407 ‚

168 625 234 700 ζειν
259 617 315 685 καὶ
345 618 528 739 ἐξερημοῦν
552 610 658 684 αὐτοῦ
686 611 745 684 τὸν
766 616 867 687 οἶκον.
915 621 1037 705 ἐπεβίω
1059 616 1122 710 γὰρ

169 720 290 796 ἐκεῖνος
313 713 393 846 μετά
416 713 479 803 τῆν
501 723 636 801 ποίησιν
658 711 735 784 οὐκ
745 716 896 788 ἐνιαυτὸν
920 714 1022 789 ἔνα”
1001 747 1022 806 η
1047 718 1121 807 δάο,

167 813 248 886 άλλά
271 824 348 907 τρία
371 818 433 889 ,καὶ
462 825 587 883 εἴκοσιν
615 822 686 902 έτη
714 817 770 884 καὶ
795 820 830 886 ἐν
857 816 963 912 τούτῳ
985 823 1033 912 τῷ
1048 817 1122 909 χρό-

165 946 229 1009 νῳ,
252 915 400 1007 τοσούτῳ
429 911 517 1000 ὅντι,
546 911 648 984 οὐδὲν
671 918 795 995 ἐκεῖνος
814 920 959 1004 μετέγνω
975 947 1043 989 των
1065 946 1122 989 πε

164 1017 394 1137 πραγμάιων
377 1017 502 1106 εαυτῷ,
522 1011 620 1082 διά
586 1043 623 1084 το
640 1011 730 1105 παρά
740 1014 875 1086 πάντων
891 1013 1122 1139 ὁμολογεῖσθαι

165 1114 215 1186 ὅτι
237 1107 281 1203 ῆν
303 1111 413 1205 ὀρθῶς
440 1068 710 1204 βεβουλευμένος.
754 1111 857 1185 καθ’
833 1145 878 1196 ως
906 1114 1019 1206 άληθῆ
1039 1122 1123 1206 λέγω
1142 1141 1174 1192 16

164 1221 285 1302 ταυτα,
314 1219 370 1302 τῆς
399 1215 460 1304 μὲν
489 1212 651 1302 ποιήσεως
673 1211 757 1305 ὖμῑν
778 1214 855 1296 τούς
878 1215 1045 1307 φράτορας
1068 1221 1124 1287 καὶ

165 1313 243 1395 τοὺς
259 1312 423 1404 όργειόνας
435 1318 490 1384 καὶ
506 1312 584 1394 τούς
602 1315 745 1405 δημότας
755 1319 933 1406 παρέξομαι
945 1317 1123 1408 μάρτυρας,

167 1411 211 1496 ὡς
230 1412 263 1485 δ’
283 1419 358 1502 ἐξῆν
375 1414 592 1504 ποιήσασθαι,
616 1413 674 1486 τόν
691 1415 795 1506 νόμον
818 1415 920 1489 αὐτόν
942 1414 1025 1508 ὑμῖν
1045 1414 1124 1488 άνα-

166 1515 343 1604 γνώσεται,
369 1513 448 1586 καθ’
477 1512 518 1586 δν
539 1512 560 1604 ῆ
578 1524 708 1604 ποίησις
727 1520 864 1604 ἐγένετο.
905 1527 975 1589 Καί
988 1548 1044 1608 μοι
1066 1516 1124 1599 τάς

166 1623 345 1707 μαρτυρίας
363 1613 535 1704 ἀνάγνωθι
553 1615 672 1698 ταύτας
691 1620 746 1687 καὶ
762 1616 822 1687 τόν
838 1618 952 1708 νόμον.Ι

455 1781 667 1833 mmmm.
697 1781 833 1833 σοΜοΣ.
864 1748 866 1752 ’

234 1916 289 2002 Ὡς
306 1922 368 2010 μέν
384 1927 501 1992 τοίνυν
514 1924 589 2010 ἐξῆν
601 1925 649 2013 τῷ
659 1930 829 1991 Μενεκλεῖ
844 1920 1033 2008 ποῆσασθαι
1049 1921 1126 1991 υίὸν
1144 1946 1175 1998 17

164 2016 256 2114 αὐτῷ
271 2017 311 2091 όν
328 2050 402 2091 τινα
420 2019 591 2110 ἐβούλετο,
616 2017 634 2091 ὁ
652 2020 751 2111 νόμος
769 2018 867 2102 αὐτὸς
892 2026 989 2109 δηλοῖ
995 2041 1002 2054 ·
1025 2017 1069 2101 οἱς
1088 2023 1130 2090 δὲ·

165 2120 356 2211 ἐποιήσατο,
379 2127 464 2193 οἵτε
485 2121 648 2215 φράτορες
665 2126 721 2193 καὶ
739 2128 774 2193 οί
789 2120 927 2213 δημόται
944 2124 1052 2192 καλί
1017 2151 1034 2193 ο
1037 2119 1124 2213 669-

163 2250 285 2309 νεωνες
301 2218 393 2312 ὑμῖν
401 2223 706 2347 μεμαρτυρήκασιν
731 2222 815 2295 ὥστε
837 2251 1027 2346 περιφανως
1045 2219 1124 2294 άπο·

165 2326 330 2391 δέδεικται
351 2318 447 2444 ῆμῖν,
472 2315 499 2393 οδ
520 2321 696 2445 ἄνδρες,
679 2324 839 2416 ομάρτυς
861 2321 991 2413 τάληθῆ
1015 2330 1134 2413 διαμε-

164 2421 398 2513 μαρτυρηκοός,
422 2414 544 2491 καὶ
501 2452 594 2493 ουτοι
616 2424 699 2514 πρός
721 2453 761 2513 γε
777 2423 840 2514 τῆν
862 2432 996 2513 ποίησιν
1020 2422 1125 2512 αὐτὴν

163 2520 264 2610 λόγον
287 2518 404 2592 οὐδ’
388 2526 544 2593 οντινοῦν
574 2520 769 2593 δύναιντ’
749 2554 792 2595 αν
815 2522 992 2595 άντειπειν.
1034 2534 1175 2610 Ilpa-13

163 2626 315 2711 χθέντων
333 2623 370 2693 δέ
386 2622 515 2693 τούτων
527 2619 690 2693 ἐσκόπει
673 2651 692 2692 ο
705 2628 880 2710 Μενεκλῆς
896 2621 1041 2711 γυναῖκά
1057 2651 1123 2711 μοι,

164 2727 220 2793 καὶ
238 2731 302 2812 ἔφη
319 2752 360 2814 με
384 2728 503 2815 χρῆναι
519 2728 635 2814 γῆμαι·
657 2726 715 2793 καὶ
732 2721 796 2847 ἐμω
814 2722 970 2813 λαμβάνω
988 2720 1049 2845 τῆν
1065 2727 1127 2793 τοῦ

126 2838 129 2843 “
166 2831 356 2894 Φιλωνίδου
389 2828 567 2915 θυγατέρα.
625 2820 776 2905 κάκείνός
809 2851 847 2893 τε
873 2821 935 2913 τῆν
965 2822 1125 2914 πρόνοιαν

165 2923 254 3013 εἶχεν
272 2922 390 3047 ωσπερ
402 2952 417 2994 ε
419 2933 487 3005 κος
505 2930 572 2995 ἐστι
589 2929 714 3016 πατέρα
736 2928 812 3015 περὶ
828 2955 852 2995 υ
853 2928 930 3005 ίέος
941 2932 1043 3014 ἔχειν,
1067 2928 1123 2994 καί

165 3022 230 3111 ἐγώ
259 3021 318 3093 τόν
346 3021 452 3095 αὐτόν
479 3025 603 3116 τρόπον
630 3024 741 3116 ὥσπερ
769 3024 858 3119 γόνῳ
888 3023 968 3095 ὄντα
1001 3029 1125 3115 πατέρα

165 3122 312 3246 ἐμαυτοῦ
328 3124 532 3216 ἐθεράπευόν
553 3155 589 3197 τε
607 3122 700 3196 ταδ’
679 3124 887 3216 ησχυνόμηυ,
912 3128 969 3195 καὶ
988 3123 1051 3213 ἐγω
1069 3127 1124 3194 καὶ

163 3221 184 3312 ῆ
202 3221 288 3313 γυνῆ
305 3253 326 3312 η
315 3221 467 3313 ἐμῆ,”
440 3247 524 3295 ωστε
542 3231 672 3297 ἐκεῖνον
683 3253 765 3317 προς
775 3253 854 3306 τους
873 3226 1016 3315 δημότας
1034 3230 1124 3293 ἐπαι-

164 3342 238 3397 νεῖν
256 3322 412 3405 ἅπαντας.
799 3343 807 3372 ¹

232 3423 301 3496 Ὅτι
320 3427 358 3495 δὲ
374 3422 415 3496 06
433 3431 611 3516 παρανοοῐν
628 3425 710 3498 οὐδὲ
726 3428 861 3515 γυναικὶ
883 3424 1083 3513 πειθόμενος
1104 3419 1123 3495 6
1142 3442 1173 3494 10

165 3526 543 3615 Μενεκλῆςέποιῆσατο,
561 3524 635 3597 ἀλλ’
655 3519 695 3598 εὖ
711 3555 858 3619 φρονων,
878 3528 1018 3596 ἐνθένδε
1036 3528 1125 3596 ἐστίν

165 3622 246 3716 ὑμῖν
267 3626 384 3750 ῥᾴδιον
407 3632 596 3716 ἐπιγνῶναι.
638 3655 770 3719 πρωτον
786 3623 904 3716 μὲν
864 3654 928 3715 γαρ
944 3654 965 3714 η
954 3621 1122 3715 ’άδελφῆ

164 3718 279 3817 περί
256 3755 296 3816 ης
311 3753 414 3809 ουτος
423 3726 501 3800 τὸν
498 3738 661 3801 πλείστου
675 3757 736 3802 του
758 3727 859 3817 λόγου
876 3723 1104 3819 πεποίηται,
1072 3726 1124 3809 ως
