2734 4375
459 395 667 448 PRAEFATIO
686 395 840 448 omncs.
1002 410 1129 462 mvn

177 647 209 710 ἔα
257 553 477 637 ‘Paridem
508 555 576 624 νλόν
601 559 721 642 iam]
742 570 848 627 Atticus
868 571 983 628 dixisset
997 559 1065 628 νλὸν
1078 559 1130 627 τὸν

209 669 286 710 νιον.

257 733 280 814 3
306 735 333 793 1.
361 728 541 808 Μυτιλήνην
567 751 679 810 reposui
704 751 755 809 pre
779 728 965 812 Μιτυλήνην
988 747 1016 795 et
1038 739 1083 795 bic
1102 748 1130 797 et
1155 737 1159 751 '

173 823 272 911 ὃδοῑρ
283 827 326 880 14.
346 819 376 874 V.
397 821 430 876 ad
449 820 512 892 Lys.
536 835 576 874 cr.
598 825 631 876 21
652 819 671 890 3
689 825 715 878 8.
736 810 749 898 fl
770 814 840 894 32.
862 818 964 880 Κλέων
985 822 1129 896 Sauppins.

169 897 472 961 denominabar.
495 901 724 975 Lectt.Lysiacae
743 920 770 976 p.
789 909 824 963 bb
838 903 919 982 (πο).
938 907 1130 964 Rauchenstci·

170 990 232 1046 nius
245 989 279 1045 ad
293 987 356 1061 Lys.
373 1003 413 1042 cr.
436 987 502 1058 133
523 992 565 1046 16.
581 985 729 1041 Comment.
748 988 809 1042 cn't.
831 988 865 1043 de
887 989 953 1046 isaei
971 998 1040 1046 orat.
1062 1007 1089 1062 p.
1112 998 1130 1052 9

169 1089 210 1145 sq.
233 1065 321 1153 [leod
341 1059 471 1142 ἀδελφοῦ
490 1079 611 1126 auctore
628 1068 814 1127 Schoemanno
833 1089 895 1128 curn
920 1074 997 1129 Turr.
1023 1065 1129 1148 scripsi.

168 1155 261 1218 Libri,
277 1153 318 1211 uti
332 1171 347 1210 e
361 1153 479 1210 bcbsoni
491 1153 640 1210 cellatione
659 1154 825 1227 perspicitur
843 1151 913 1230 (narn
925 1155 1070 1217 Rekkerns,
1083 1159 1130 1231 qui

169 1256 185 1294 e
206 1238 308 1295 Reiskii
328 1239 481 1296 coniectura
500 1237 574 1294 dedit
596 1223 762 1309 τάδελφοῦ,
789 1239 823 1296 de
842 1239 975 1296 librorum
995 1240 1130 1310 scriptura

170 1321 267 1398 iacet),
288 1310 417 1394 ἀδελφοῦ
437 1321 495 1377 sine
515 1321 640 1377 articulo.
661 1312 675 1399 Η
697 1316 720 1396 3
739 1318 768 1377 4.
784 1311 957 1399 ἀσπάζοιτο]
979 1308 1130 1394 ricardum

170 1406 200 1460 G.
215 1408 246 1460 Α.
263 1405 431 1480 Hirscbigius
453 1406 480 1461 in
495 1404 593 1460 Philcl.
608 1404 629 1458 V
643 1421 670 1476 p.
688 1411 741 1465 324
755 1406 817 1462 coll.
833 1408 915 1465 buius
931 1417 1000 1464 crat.
1022 1408 1089 1479 830
1102 1416 1132 1464 et
1251 1404 1254 1409 ’

168 1489 304 1546 Demcsib.
322 1507 362 1546 or.
373 1497 416 1549 52.
430 1497 529 1561 contra
542 1488 654 1561 Callipp.
668 1488 742 1559 §23-
756 1480 815 1546 Non
830 1501 940 1548 temere.
957 1487 970 1568 Η
985 1487 1049 1567 35.
1062 1479 1129 1547 οὐδ’

169 1574 247 1636 iibri,
269 1574 311 1630 uti
325 1573 406 1630 Belik.
429 1573 457 1628 in
473 1573 601 1628 addendis
620 1572 746 1628 indicavit
768 1571 901 1645 (Scheem.
918 1571 1006 1651 Vurr.)
1028 1576 1130 1633 Redire·
1212 1589 1214 1594 '

169 1674 218 1713 rus
232 1644 295 1714 οὔτ’
312 1650 326 1735 Η
340 1643 379 1713 λι
395 1642 484 1724 αὐτὸς
497 1655 578 1712 seii.
597 1656 624 1710 n
640 1656 699 1710 aaa.
720 1655 794 1711 nini
810 1647 849 1713 ἂν
863 1677 916 1715 om.
933 1654 995 1734 (cm.
1011 1660 1069 1732 ni.)
1085 1647 1129 1740 pi

170 1735 202 1797 dd
216 1732 280 1809 υἱὸς
292 1734 387 1798 αὐτοῦ
399 1736 556 1814 ποιηθείη]
572 1738 603 1793 V.
618 1739 824 1796 Raucbenstein.
841 1743 874 1798 ad
884 1743 945 1816 Lys.
961 1759 1002 1798 or.
1019 1748 1053 1802 13
1071 1745 1089 1816 3
1103 1751 1128 1806 9.

169 1824 336 1900 Quamquam
346 1843 402 1882 non
418 1841 490 1898 nego
505 1824 715 1880 hunc-nostrum
731 1821 822 1880 locum
838 1824 924 1881 multe
944 1842 1005 1882 esse
1019 1837 1130 1883 contor-

168 1910 266 1966 ticrem
287 1919 315 1967 et
331 1910 471 1966 duriorem
492 1925 572 1981 quam
595 1923 663 1980 quae
683 1922 700 1962 a
720 1905 907 1964 Schcemannc
922 1916 951 1963 et
967 1908 1128 1966 Raucbcnst.

169 1994 327 2051 afferuntur.
348 1987 361 2072 ΙΙ
377 1979 577 2070 Ἡφαιστιολδῃ
596 1990 730 2048 bieursius
749 1986 881 2064 (Schcem.
900 1991 1004 2064 Vurr.):
1020 1979 1128 2064 Ἡφαι-

167 2067 250 2153 στίδῃ
266 2077 308 2134 ΑΒ
329 2073 411 2153 (slep
423 2065 615 2153 ‘Idpcidreldp
635 2082 698 2155 cept.
714 2069 727 2152 Η
743 2070 766 2150 3
782 2072 810 2130 7.
827 2066 1003 2148 ἐποιήσαντο
1018 2085 1129 2134 auctore

167 2161 277 2218 Reiskic
298 2162 411 2235 reposui
436 2179 488 2237 pro
511 2150 675 2233 ἐποιήσατο.
709 2159 832 2217 lrrisioni
854 2160 898 2218 bic
924 2160 1033 2234 quidem
1052 2162 1130 2218 locus

166 2263 223 2301 non
239 2254 288 2301 esi.
303 2247 333 2301 V.
350 2249 368 2318 S
382 2254 400 2305 2
414 2255 480 2312 extr.
497 2241 510 2321 Η
525 2242 548 2322 3
561 2242 589 2303 8.
605 2232 722 2318 μάλιστ’
741 2230 780 2299 dv
804 2261 819 2301 e
839 2245 954 2301 Bekkeri
974 2246 1130 2302 coniectura

165 2346 231 2385 cum
251 2330 328 2385 Turn.
350 2331 456 2403 scripsi.
483 2329 556 2386 Libri
582 2314 621 2383 οἲν
649 2345 702 2385 cm.
725 2328 789 2402 (cm.
813 2328 871 2401 Bk.)
893 2322 907 2408 ΙΙ
926 2324 1041 2404 γένοιτο
1067 2347 1130 2386 cum
1161 2321 1163 2323 ⁵

167 2410 290 2467 Dobr'aeo
316 2413 414 2485 scripsi
448 2411 611 2485 (Bernhardy
637 2412 713 2485 Synt.
742 2412 786 2467 Gr.
816 2430 844 2486 p.
874 2412 945 2485 418).
974 2412 1048 2469 Libri
1082 2406 1130 2487 γέ·

166 2511 269 2550 νοιντο
288 2488 301 2575 l}
323 2490 391 2570 39.
411 2502 478 2551 extr.
500 2481 596 2559 Αὐτὸς
611 2482 656 2568 δ’]
673 2494 748 2566 „Ego
765 2511 829 2549 vero
844 2497 903 2569 ipse
918 2498 1013 2552 advos
1028 2497 1131 2569 produ·

167 2597 227 2636 cam
250 2580 334 2648 hosce
354 2573 462 2641 emnes,
486 2594 556 2652 quos
570 2575 746 2651 Astyphilus,
767 2594 829 2633 cuin
849 2578 1130 2649 testamentum'illud

168 2665 242 2737 qued
263 2664 410 2720 adversarii
434 2664 535 2720 iactant
555 2660 702 2722 scribebat,
723 2660 850 2716 adbibere
871 2668 899 2716 et
917 2668 1025 2734 poterat
1043 2670 1071 2717 et
1084 2662 1130 2719 de-

166 2745 263 2810 bebat,
282 2765 332 2804 nec
358 2755 453 2804 tamen·
475 2744 652 2804 adhibebat.“
672 2730 767 2810 Αὗτὸς
794 2744 879 2818 igitur
907 2745 1064 2819 oppositum
1088 2756 1131 2803 est

168 2831 320 2905 Astyphilo.
340 2830 428 2899 Quare
443 2847 499 2887 nen
518 2839 577 2887 erat
594 2847 643 2888 cur
654 2828 683 2885 in
696 2827 844 2885 comment.
860 2830 920 2885 crit.
936 2847 963 2902 p.
979 2838 1014 2889 10
1027 2837 1130 2904 propb-

167 2930 260 2972 nerem
275 2902 393 2983 Αὗιούς
410 2904 449 2971 d’.
465 2908 479 2994 ΙΙ
495 2910 576 2990 310.
591 2901 669 2987 ὑμᾶς
681 2902 901 2987 χρήσασθαι-
912 2902 956 2969 ὅτι
966 2912 1130 2988 μαρτυροῦ-

168 3010 233 3067 σιν,
250 2999 324 3072 qued
343 2997 406 3055 libri
425 2998 539 3062 habent,
568 3015 640 3054 nunc
659 2996 776 3052 retinere
802 2997 883 3053 malui
909 3013 988 3072 quam
1011 2997 1130 3055 scribere

167 3070 244 3155 ἡμᾶς
263 3071 430 3155 χρήσασθαι
441 3080 525 3138 -ολ
542 3076 742 3157 μαρτυροῦσι,
760 3081 833 3154 quod
852 3082 986 3155 proposui
1005 3081 1033 3148 in
1052 3081 1128 3138 Cem-

168 3173 250 3223 ment.
263 3166 331 3221 crit.
342 3164 362 3230 l.
378 3167 403 3222 d.
420 3158 668 3245 ssiamieepevov]
680 3162 715 3218 'dn
731 3162 878 3220 Comment.
896 3164 957 3221 crit.
974 3184 1001 3239 p.
1016 3172 1048 3223 11
1065 3160 1129 3219 δια-

166 3243 295 3322 θέμενον
322 3251 454 3323 scriptum
474 3249 558 3307 volui.
580 3243 593 3329 ΙΙ
613 3234 772 3324 ἀναγκαῖοι
798 3243 831 3301 ολ
843 3241 959 3323 ἐκείνου
979 3266 995 3305 e
1018 3245 1130 3321 Sauppii

167 3334 326 3391 coniectura
339 3334 419 3390 edidi.
435 3333 509 3389 Libri
520 3334 665 3390 articulum
675 3348 728 3389 cm.
739 3330 770 3385 V.
785 3331 818 3387 ad
833 3348 873 3388 or.
887 3340 921 3391 10
937 3334 956 3405 3
970 3339 996 3389 4.
1011 3323 1025 3410 ΙΙ
1041 3326 1065 3406 3
1081 3328 1129 3387 11.

165 3412 199 3475 εἴ
209 3411 240 3474 τέ
260 3435 327 3473 τινα
352 3426 463 3475 auctore
484 3416 605 3474 chraee
624 3414 769 3473 emendari.
789 3415 940 3471 comment.
959 3416 1020 3471 crit.
1041 3433 1067 3488 p.
1088 3421 1128 3475 il.

166 3501 242 3559 Libri
256 3498 288 3558 εἴ
296 3496 330 3577 pe
343 3519 411 3557 τινα
430 3494 446 3581 ΙΙ
465 3490 524 3581 b‘rp
540 3491 671 3575 ἔμβραχύ
686 3516 741 3575 περ
756 3499 892 3556 emendavi
909 3506 975 3573 post
990 3498 1128 3563 Cebetem.

165 3585 227 3642 Ver.
243 3587 365 3685 Lectbp
380 3593 441 3648 209,
458 3587 505 3661 qui
519 3585 606 3642 reduit
617 3574 675 3641 ὅιω
686 3600 741 3657 περ
754 3577 894 3681 λμβςνχν.
909 3582 1054 3643 Commeat.
1066 3583 1128 3640 crit.

165 3673 244 3744 p'll.
257 3669 332 3728 Libri
343 3686 402 3750 erp
418 3661 467 3730 ini
479 3658 641 3746 βονχιλιιερ
654 3641 671 3751 l]
683 3656 782 3736 ον’λελς
790 3656 884 3723 ambs
894 3666 1041 3725 secundum
1053 3669 1076 3723 Δ
1083 3682 1126 3741 pr.
