2734 4375
172 402 228 454 οι.
247 398 272 451 ι;
346 396 436 451 um
454 396 530 449 Τοτ
547 396 786 451 ωωαυωου
803 398 971 455 mor.
1097 405 1138 473 ης

176 580 211 644 τί
230 597 308 642 ποτε
339 570 582 695 ἐπανορθώσας
604 570 805 693 κυριωτέρας
834 566 936 652 αὐτάς
963 565 1071 660 ἡγοῖτ’
1087 564 1138 643 ἀν

176 672 322 760 ποιήσαι·
340 688 410 753 τοῖς
426 669 491 763 γάρ
507 670 618 754 ἀλλοις
636 698 734 752 ουτος
746 666 822 760 ὅρος
835 663 987 762 ἐστίν,
959 700 986 743 ω
1004 669 1136 763 ἄνδρες,

174 778 241 845 τῶν
265 777 412 865 δωρεῶν.
450 769 523 844 Ἔτι
546 774 584 845 δέ
600 776 657 844 καί
680 781 715 842 εί
727 799 759 841 τι
778 771 988 896 προσγράψαι
1009 771 1138 855 τούτοις
1155 798 1188 849 25

173 872 346 964 ἐβούλετο,
373 869 495 956 διὰτί
507 869 570 943 οὐκ
593 877 630 944 ἐν
653 874 754 993 ἑτέρῳ
776 870 905 963 γράψας
927 870 1012 945 αὐτὰ
1033 903 1136 997 γραμ·

171 983 296 1100 ματείμ
326 970 518 1062 κατέλιπεν,
547 972 661 1062 ἐπειδή
691 970 732 1044 τά
758 972 933 1096 γράμματα
960 972 1064 1097 παρὰ
1069 979 1137 1047 τῶν
1253 988 1255 995 ’

170 1074 345 1168 ἀρχόντων
367 1070 429 1144 οὐκ
451 1073 615 1198 ἐδυνήθη
625 1082 758 1162 λαβεῖν,
781 1070 915 1145 ἀνελεῖν
931 1073 1012 1166 γάρ,
1037 1066 1064 1145 ῶ
1080 1074 1136 1146 ἀν

172 1185 269 1298 δρες,
294 1171 356 1265 οάχ
377 1170 496 1256 οἷος
467 1206 486 1246 τ
522 1166 566 1264 ήυ
593 1173 673 1246 άλλο
697 1192 921 1266 γραμματεῖον
944 1170 966 1265 ἢ
988 1172 1025 1245 τὸ
1049 1173 1138 1266 παρά

170 1283 213 1368 τῇ
237 1274 324 1368 ἀρχῇ
345 1279 512 1365 κείμενον
536 1273 719 1368 γράψαιδ’
745 1279 822 1366 ἐξῆν
845 1284 892 1358 είς
916 1281 1030 1367 ἕτερον
1055 1287 1088 1346 εί
1106 1305 1138 1347 τι

173 1377 345 1468 ἐβούλετο,
368 1380 424 1449 καὶ
440 1380 524 1468 μηδὲ
541 1375 639 1452 τοῦθ’
663 1373 745 1469 ἡμῖν
760 1374 1086 1468 ἀμφισβητήσιμονέ
1086 1381 1137 1469 ῶν.

171 1488 216 1552 El
232 1481 415 1551 τοίνυνκαὶ
432 1482 530 1550 τοῦτο
548 1477 840 1570 συγχωρήσαιμεν,
860 1475 905 1561 ῶς
924 1483 1049 1561 ἐκεῖνος
1061 1483 1138 1550 ἐπα·
1156 1508 1189 1560 26

170 1584 343 1672 νορθῶσαι
359 1577 416 1662 τάς
435 1578 599 1669 διαθήκας
618 1579 790 1670 ἐβούλετο,
808 1585 889 1651 πᾶσι
907 1579 1015 1670 δήπου
1033 1607 1135 1672 φανε·
1185 1650 1186 1653 ,

172 1680 233 1772 ρδν
254 1678 336 1771 υμῖν
365 1685 454 1753 ἐστιν
483 1679 534 1752 ὅτι
555 1678 619 1753 οάκ
640 1678 752 1773 ὀρθῶς
776 1677 879 1762 αάτάς
903 1689 991 1771 ἔχειν
1012 1677 1133 1770 ἡγεῖτο.

170 1791 276 1855 καίτοι
294 1799 447 1853 σκοπεῖτε
469 1786 525 1854 καὶ
550 1770 769 1854 ἐντεῦθεν
731 1811 794 1870 την
816 1779 1055 1872 ἀναισχυντίαν
1077 1779 1136 1852 αὖ·

168 1888 253 1973 τῶν,
283 1890 428 1965 οἵτινες
456 1882 579 1966 ταύτας
607 1879 667 1965 τάς
691 1881 855 1971 διαθήκας
878 1880 1028 1966 ἀξιοῦσιν
1051 1883 1162 1955 εἶναι

168 1981 347 2077 κυρίας,
333 1983 373 2066 ἀς
401 1980 599 2076 ὁμολογοῦσι
616 1981 696 2076 μηδ’
727 1981 830 2056 αὐτὸν
852 1981 912 2056 τὸν
936 1987 1137 2074 διαθέμενον

169 2086 298 2176 [ταῦτα]
324 2082 435 2177 ὀρθῶς
458 2094 548 2177 ἐχειν
571 2082 747 2176 ἡγεῖσθαι,
770 2088 827 2156 καὶ
850 2094 1029 2157 πείθουσιν
1046 2081 1137 2179 ὑμῶς

168 2192 305 2260 ἐναυτία
334 2191 391 2259 καὶ
413 2206 483 2271 τοῖς
504 2188 617 2280 νόμοις
641 2192 698 2260 κοιλ
721 2218 768 2284 τρο
756 2192 911 2283 δικαίῳ
934 2191 1056 2261 καὶ
1014 2217 1054 2279 τῃ
1076 2192 1138 2259 τοῶ

166 2288 436 2378 τετελευτηκότος
458 2290 574 2380 γνῶμη
592 2296 814 2381 ψηφίσασθαι.
840 2288 911 2362 Ἔτι
927 2299 1045 2362 τοίνυν
1062 2318 1136 2362 τον-
1154 2306 1187 2356 27

166 2415 238 2461 των
258 2386 417 2461 ἀπάντων
438 2387 671 2473 ἀναιδέστατος
698 2396 767 2463 τῶν
789 2390 911 2514 λάγρεν
927 2388 1075 2479 ἐστίν,”
1055 2419 1136 2461 οταν

166 2495 312 2581 τολμῶσι
329 2487 439 2579 λέγειν
456 2486 500 2572 ῶς
511 2489 713 2613 Κλεῶυυμος
724 2487 862 2563 ουδδν
843 2498 928 2581 ημάς
945 2496 1014 2563 τῶν
1032 2487 1137 2562 αὑτοῦ

168 2600 286 2681 λαβεῖν
304 2590 469 2680 ἐβούλετο.
497 2599 621 2681 καίτοι,
640 2620 667 2661 ω
653 2581 823 2682 ἀνδρες,
846 2601 939 2674 τίνας
956 2588 999 2663 ἀν
1016 2588 1136 2671 ἀλλους

166 2698 272 2765 ταῦτα
300 2702 388 2784 ἔχειν
416 2691 587 2783 ἐβουλήθη
614 2697 741 2784 μᾶλλον
769 2688 967 2782 ήτοάτους,
997 2687 1056 2774 οὓς
1079 2694 1153 2763 καὶ·

167 2800 233 2881 ζῶν
252 2798 289 2865 ἐκ
304 2799 372 2866 τῶν
389 2791 496 2866 αδτοῶ
508 2805 646 2866 πλείστα
657 2797 727 2866 τῶν
736 2801 870 2865 οίκείοιυ
887 2792 1026 2885 ὠφέλεις
1044 2792 1136 2865 Πάνν
1154 2812 1187 2864 28

166 2925 237 2968 των
261 2890 334 2966 δ’
312 2925 356 2967 αν
379 2908 432 2987 είη
448 2896 782 3019 θαυμασιῶτμτον,ε
767 2902 1056 2986 είΚηφίσανδρος
1073 2897 1135 2986 μὲν

165 2994 186 3069 ὁ
203 2995 333 3067 τούτων
349 3004 470 3079 οἰκεῖος
488 3003 620 3070 δίκαιον
641 2993 754 3087 ἡγεῖτο
779 2998 865 3069 εἶναι
881 3001 1017 3123 μέρρς”
996 3020 1136 3069 εκαστον

165 3095 263 3189 ἡμῶν
293 3105 380 3188 ἐχειν
402 3103 460 3188 τῆς
460 3096 616 3187 οὐσίας,
646 3097 848 3190 Κλεῶνυμος
874 3096 950 3223 6:³¹
930 3128 966 3181 ος
990 3088 1034 3189 ήν
1054 3094 1135 3188 ἡμῖν

165 3198 366 3280 οἰκειότατος
390 3195 488 3269 καῖ’
469 3203 554 3290 ημᾶς
578 3207 625 3281 είς
608 3195 711 3289 ςτήυ
733 3206 843 3272 οίκίαν
865 3229 927 3289 την
951 3196 1057 3272 αὑτοῦ
1078 3208 1134 3268 λα-

167 3298 275 3391 βῶυιέ
273 3298 443 3392 θεράπευε
465 3303 520 3370 καὶ
545 3304 732 3391 ἐπεμελεῖτο
749 3306 818 3372 τῶν
835 3297 1005 3392 ἡμετέρων
1024 3297 1134 3390 ῶσπερ

165 3407 236 3474 τῶν
258 3397 364 3473 αδτοῶ
386 3399 604 3491 πραγμάτων,
627 3392 724 3483 οὗτος
733 3402 850 3534 μόρος
871 3401 1027 3526 ἐβούλετο
1049 3397 1150 3491 ήμάς
1154 3422 1167 3434 ’·

166 3501 333 3595 ἀκλήρους
351 3505 437 3575 εἶναι
454 3505 522 3573 τῶν
539 3498 652 3574 αυτοῶ.
690 3506 745 3574 καὶ
762 3511 812 3585 τίς
829 3500 872 3575 άν
888 3501 986 3594 ὑμῶν
1002 3501 1133 3573 πιστεύ-
1151 3525 1184 3576 29

166 3628 258 3676 σειεν
276 3602 515 3695 εὐνουστέρους
526 3606 583 3684 καὶ
599 3608 837 3696 μετριωτέρους
849 3635 927 3687 τους
944 3601 1134 3735 ἀντιδίκους

165 3703 249 3799 ἡμῖν
278 3706 364 3778 εἶναι
392 3710 461 3778 τῶν
488 3703 718 3794 οίαειοτάτυνς
747 3702 903 3780 κάκεῖνον
925 3693 1056 3797 μέν,
1027 3733 1062 3799 φ
1065 3707 1133 3776 καὶ
