2734 4375
249 390 311 457 ωε
658 379 788 433 umor
1102 378 1160 433 ο..
1177 379 1215 435 ιε

107 592 114 605 ·
245 552 377 645 Ἀμφίας
393 543 473 640 οὖν,
491 547 546 621 ὅτε
564 553 698 620 ἐκπλεῖν
715 545 974 639 παρασκευάζων
990 548 1217 640 πρεσβεύσων

250 659 303 729 ἐπὶ
331 651 452 733 ταύτας
479 648 537 732 τάς
565 649 698 740 πράξεις
725 657 762 718 αἳ
781 652 824 739 τή
851 647 945 720 πόλει
973 648 1218 740 συμφερόντως

249 756 355 844 εἶχον,
379 749 442 823 οὐκ
460 747 513 841 ἐφ’
531 745 612 840 ἡμῖν
629 765 698 831 τοῖς
716 747 877 837 ἐγγύτατα
893 751 1029 839 γε’νους,
1054 761 1095 820 εί
1108 779 1144 821 τι
1161 751 1218 823 πά-

247 867 322 942 θοι,
346 850 385 923 τά
414 850 494 923 ὄντα
522 853 713 938 κατέλιπεν,
742 845 817 919 ἄλλ’
844 847 1018 938 ἐποιήσατο
1041 855 1220 942 θυγατέρα

248 949 353 1024 αὑτοῦ
374 950 575 1042 ἀδελφιδῆν·
603 958 634 1020 ελ
656 952 748 1020 δέτι
770 952 826 1019 καλ
848 945 934 1037 αὕτη
957 948 1083 1040 πάθοι,
1110 951 1220 1022 Γλαά

248 1083 332 1127 κωνι
353 1050 393 1124 τά
414 1051 494 1125 ὅντα
518 1055 649 1139 ἐδίδου,
676 1046 812 1144 άδελφρῐ
831 1048 904 1120 όντι
925 1045 1139 1145 ὁμομητρίῳ·
1167 1056 1221 1123 καλ

214 1151 342 1234 οταῦτ’
364 1158 401 1225 ἐν
419 1151 596 1241 διαθήκαις
614 1153 783 1240 ἐνέγραψε.
818 1149 949 1241 χρόνων
967 1152 1004 1220 δὲ
1023 1157 1220 1243 διαγενομέ-

247 1285 318 1327 νων
340 1252 421 1344 μετά
443 1256 547 1326 ταῦτα
568 1254 706 1343 τελευτᾷ
733 1252 795 1340 μὲν
815 1246 1045 1340 Εὐβουλίδης,
1076 1257 1222 1345 τελευτᾷ

251 1352 283 1426 δ’
312 1351 333 1444 ἡ
362 1352 514 1443 θυγάτηρ
543 1348 587 1440 ἢν
617 1350 790 1440 ἐποιήσατο
808 1346 959 1439 Ἁγνίας,
987 1350 1160 1441 λαμβάνει
1187 1356 1222 1425 δὲ

249 1453 308 1528 τόν
330 1458 453 1544 κλήρου
476 1452 640 1524 Γλαόκων
663 1449 746 1521 κατά
768 1448 829 1540 τήν
853 1449 1028 1539 διαθήκην,
1065 1447 1170 1542 ἡμεῖς
1189 1451 1221 1523 δ’

248 1549 433 1625 οὐπώποτ’
452 1549 638 1641 ἠξιώσαμεν
649 1548 896 1642 ἀμφισβητῆσαι
907 1550 989 1641 πρὸς
1005 1548 1065 1633 τάς
1084 1556 1221 1626 ἐκείνου

250 1652 431 1743 διαθήκας,
460 1649 533 1723 άλλ’
564 1649 699 1746 ᾠόμεθα
727 1659 800 1722 δεῖν
827 1654 906 1742 περὶ
933 1655 1001 1722 τόν
1023 1648 1139 1724 αὑτοῦ
1161 1652 1221 1745 τήν

250 1757 381 1827 ἐκείνου
404 1752 541 1844 γνάμην
565 1754 651 1824 εἶναι
673 1760 810 1844 κυρίαν,
833 1753 888 1822 καὶ
910 1750 1039 1833 τούτοις
1065 1757 1228 1845 ἐνεμέειν

248 1882 319 1945 μεν.
355 1851 376 1944 ἡ
396 1852 428 1925 δ’
447 1851 661 1942 Εὐβουλίδου
677 1852 829 1943 θυγάτηρ
841 1849 922 1943 μετά
938 1856 1005 1923 τοῖν
1027 1850 1121 1944 αὐτῇ
1139 1877 1218 1945 συμ·

248 1954 462 2047 πραττόντων
478 1953 633 2044 λαγχάνει
649 1957 712 2024 τοῦ
726 1952 851 2043 κλήρου
868 1956 926 2023 καὶ
942 1951 1108 2042 λαμβάνει
1127 1956 1218 2044 νική

248 2077 335 2126 σασα
351 2054 430 2137 τούς
447 2053 529 2125 κατά
545 2051 608 2142 τήν
627 2052 794 2141 διαθήκην
806 2049 1139 2144 ἀμφισβητήσαντας,
1158 2064 1217 2140 ἔξω

247 2157 310 2245 μὲν
335 2145 421 2226 οὖσα
449 2157 506 2242 της
531 2151 733 2243 ἀγχιστείας,
764 2155 924 2223 ἐλπίσασα
948 2150 979 2225 δ’
1006 2148 1067 2245 (άς
1091 2157 1216 2246 ἔοικεν)

128 2339 137 2348 ¹
247 2250 332 2344 ἡμᾶς
361 2252 443 2345 πρὸς
474 2249 582 2342 αὐτήν
604 2249 668 2323 οάκ
690 2250 930 2343 άντιδικήσειν,
954 2252 1006 2326 ότι
1027 2252 1111 2326 οὐδὲ
1135 2255 1218 2349 πρὸς

200 2382 233 2436 10
249 2352 307 2436 τάς
332 2351 494 2443 διαθήκας
517 2350 833 2445 ήμφισβητήσαμενε
868 2351 964 2445 ἡμεῖς
990 2358 1042 2444 δέ,
1069 2354 1136 2445 ἐγω
1163 2361 1217 2428 καλ

248 2462 412 2546 Στρατίος
436 2458 492 2526 καλ
509 2458 737 2548 Στρατοκλῆς,
761 2452 875 2542 ἐπειδὴ
892 2472 961 2537 τοῖς
980 2454 1145 2544 ἐγγύτατα
1164 2462 1217 2547 γέ-

247 2585 329 2639 νους
360 2559 530 2646 ἐγεγένητο
555 2561 703 2637 ἐπίδικος
726 2551 744 2627 ὁ
770 2558 906 2646 κληρος,
930 2556 1217 2646 παρεσκευάζοντο

248 2654 392 2739 ἅπαντες
404 2656 597 2748 λαγχάνειν·
616 2659 698 2749 πρὶν
716 2657 754 2726 δὲ
770 2657 928 2744 γενέσθαι
944 2654 1003 2738 τάς
1019 2654 1127 2745 λήξεις
1145 2663 1217 2781 τωρ

250 2762 353 2828 δικων
380 2752 462 2846 ἡμῖν
483 2761 621 2851 τελευτᾷ
641 2752 743 2846 μὲν’
727 2785 745 2827 ο
768 2763 959 2878 Στρατίος,
977 2761 1115 2827 τελευτά
1136 2755 1214 2827 δ
1196 2788 1216 2829 ο

247 2860 476 2947 Στρατοκλης,
493 2864 646 2980 λείπομαι
665 2853 698 2928 δ’
719 2854 837 2945 ἐγά’
794 2885 894 2979 μονος
911 2886 979 2929 των
997 2856 1079 2950 πρὸς
1090 2855 1215 2948 πατρὸς

249 2948 298 3026 τόν
315 2952 462 3039 άνεψιοῦ
474 2973 595 3078 παῖς,
583 2947 610 3027 ά
627 2956 718 3049 μόνῳ
729 2954 811 3026 κατά
827 2985 906 3039 τους
923 2957 1046 3048 νόμους
1064 2962 1216 3046 ἐγίγνετο

247 3083 269 3143 η
258 3049 504 3178 κληρονομία,
522 3056 657 3128 πάντων
668 3055 734 3145 ηδη
751 3084 819 3126 των
835 3054 948 3129 άλλων
960 3056 1215 3152 ἐκλελοιπότων,

247 3163 282 3226 οι
297 3150 418 3226 ταύτόν
437 3159 566 3245 ἐμοὶ
523 3185 564 3247 τη
583 3164 754 3279 σνγγευεί,
741 3187 762 3226 α
780 3156 1002 3247 προσήκοντες
1022 3157 1214 3249 ἐτύγχανον.

199 3292 230 3343 11
247 3285 293 3350 ιφ
283 3257 357 3328 δὲ
379 3254 552 3345 γνάσεσθε
578 3254 697 3346 τοῦθ’,
733 3253 783 3328 ότι
807 3260 897 3381 ἐμοὶ
906 3256 1010 3349 μλν’
990 3257 1215 3390 αγχιστεόειν,

247 3333 368 3438 τδῖςδ
389 3359 456 3440 ἐξί
456 3366 577 3430 κείνων
599 3355 773 3480 γεγονόσιν
795 3354 857 3430 οόκ
874 3348 935 3449 ήν,
959 3356 1048 3442 ἐν
1012 3389 1044 3430 οι
1032 3390 1062 3441 ις
1079 3349 1216 3442 ουτοςὸ

248 3473 327 3578 πριῖς
350 3486 411 3546 ην;
438 3454 537 3540 αυτὸς
562 3453 580 3528 6
603 3458 703 3548 νόμος
723 3455 873 3555 δηλόσει.
909 3488 946 3531 το
936 3457 1081 3553 μὲν
1041 3488 1106 3551 γαρ
1126 3460 1217 3534 εἶναι

248 3583 310 3643 την
333 3553 522 3647 ἀγχιστείαν
545 3554 695 3642 άνευιοῖς
712 3556 793 3649 πρὸς
810 3557 933 3650 πατρὸς
949 3564 1043 3653 μέχρι
1060 3556 1217 3645 άνειγιων

249 3662 381 3728 παίδων
401 3653 607 3750 ὁμολογεῖται
629 3655 720 3751 παρὰ
741 3656 891 3731 πάντων
915 3668 947 3732 εί
970 3663 1007 3731 δὲ
1028 3657 1108 3752 μεθ’
1128 3657 1219 3751 ημᾶς
