<?xml version="1.0" encoding="UTF-8"?>
<!DOCTYPE html PUBLIC "-//W3C//DTD XHTML 1.0 Transitional//EN"
    "http://www.w3.org/TR/xhtml1/DTD/xhtml1-transitional.dtd">
<html xmlns="http://www.w3.org/1999/xhtml" xml:lang="en" lang="en">
 <head>
  <title>
</title>
<meta http-equiv="Content-Type" content="text/html;charset=utf-8" />
  <meta name='ocr-system' content='tesseract 3.04.00' />
  <meta name='ocr-capabilities' content='ocr_page ocr_carea ocr_par ocr_line ocrx_word'/>
</head>
<body>
  <div class='ocr_page' id='page_1' title='image "./orationescumali01isaegoog_0093.png"; bbox 0 0 2734 4375; ppageno 0'>
   <div class='ocr_carea' id='block_1_1' title="bbox 161 372 1120 477">
    <p class='ocr_par' dir='ltr' id='par_1_1' title="bbox 161 372 1120 477">
     <span class='ocr_line' id='line_1_1' title="bbox 161 372 1120 477; baseline -0.016 -3"><span class='ocrx_word' id='word_1_1' title='bbox 161 421 216 474; x_wconf 76' lang='grc' dir='ltr'><em>οι.</em></span> <span class='ocrx_word' id='word_1_2' title='bbox 232 421 259 471; x_wconf 76' lang='grc' dir='ltr'><em>α</em></span> <span class='ocrx_word' id='word_1_3' title='bbox 326 416 416 468; x_wconf 73' lang='grc' dir='ltr'><em>πνοι</em></span> <span class='ocrx_word' id='word_1_4' title='bbox 432 415 508 466; x_wconf 76' lang='grc' dir='ltr'><em>τον</em></span> <span class='ocrx_word' id='word_1_5' title='bbox 525 372 778 467; x_wconf 63' lang='grc' dir='ltr'><em>συντελέσαι</em></span> <span class='ocrx_word' id='word_1_6' title='bbox 795 409 959 462; x_wconf 71' lang='grc' dir='ltr'><em>ωεστ.</em></span> <span class='ocrx_word' id='word_1_7' title='bbox 1077 414 1120 477; x_wconf 76' lang='lat'><em>29</em></span> 
     </span>
    </p>
   </div>
   <div class='ocr_carea' id='block_1_2' title="bbox 162 575 1240 3789">
    <p class='ocr_par' dir='ltr' id='par_1_2' title="bbox 162 575 1181 3177">
     <span class='ocr_line' id='line_1_2' title="bbox 164 575 1120 677; baseline -0.012 -17"><span class='ocrx_word' id='word_1_8' title='bbox 164 587 379 677; x_wconf 77' lang='grc' dir='ltr'><em>ποιησάμενος</em></span> <span class='ocrx_word' id='word_1_9' title='bbox 407 589 464 673; x_wconf 79' lang='grc' dir='ltr'><em>τῆς</em></span> <span class='ocrx_word' id='word_1_10' title='bbox 493 591 614 674; x_wconf 79' lang='grc' dir='ltr'><em>ἔχθρας</em></span> <span class='ocrx_word' id='word_1_11' title='bbox 645 580 802 653; x_wconf 85' lang='grc' dir='ltr'><em>διάλυσιν</em></span> <span class='ocrx_word' id='word_1_12' title='bbox 835 579 916 672; x_wconf 79' lang='grc' dir='ltr'><em>πρὸς</em></span> <span class='ocrx_word' id='word_1_13' title='bbox 949 575 1034 670; x_wconf 70' lang='grc' dir='ltr'><em>ἡμᾶς</em></span> <span class='ocrx_word' id='word_1_14' title='bbox 1065 582 1120 649; x_wconf 80' lang='grc' dir='ltr'><em>καί</em></span> 
     </span>
     <span class='ocr_line' id='line_1_3' title="bbox 163 678 1120 779; baseline -0.011 -19.787"><span class='ocrx_word' id='word_1_15' title='bbox 163 686 282 779; x_wconf 82' lang='grc' dir='ltr'><em>ὀμόσας</em></span> <span class='ocrx_word' id='word_1_16' title='bbox 301 685 423 778; x_wconf 72' lang='grc' dir='ltr'><em>ὅρκους</em></span> <span class='ocrx_word' id='word_1_17' title='bbox 445 682 545 755; x_wconf 89' lang='grc' dir='ltr'><em>πάλιν</em></span> <span class='ocrx_word' id='word_1_18' title='bbox 568 688 634 755; x_wconf 77' lang='grc' dir='ltr'><em>νῦν</em></span> <span class='ocrx_word' id='word_1_19' title='bbox 656 679 729 771; x_wconf 77' lang='grc' dir='ltr'><em>ἥκει</em></span> <span class='ocrx_word' id='word_1_20' title='bbox 745 679 785 753; x_wconf 83' lang='grc' dir='ltr'><em>τά</em></span> <span class='ocrx_word' id='word_1_21' title='bbox 801 678 1085 774; x_wconf 74' lang='grc' dir='ltr'><em>ὁμολογηθέντα</em></span> <span class='ocrx_word' id='word_1_22' title='bbox 1064 683 1120 750; x_wconf 79' lang='grc' dir='ltr'><em>καί</em></span> 
     </span>
     <span class='ocr_line' id='line_1_4' title="bbox 164 779 1121 912; baseline -0.011 -52"><span class='ocrx_word' id='word_1_23' title='bbox 164 787 329 912; x_wconf 78' lang='grc' dir='ltr'><em>ὁμοθέντα</em></span> <span class='ocrx_word' id='word_1_24' title='bbox 359 783 527 908; x_wconf 84' lang='grc' dir='ltr'><em>παραβάς,</em></span> <span class='ocrx_word' id='word_1_25' title='bbox 557 787 612 853; x_wconf 81' lang='grc' dir='ltr'><em>καὶ</em></span> <span class='ocrx_word' id='word_1_26' title='bbox 635 780 820 904; x_wconf 77' lang='grc' dir='ltr'><em>ἀφελέσθαι</em></span> <span class='ocrx_word' id='word_1_27' title='bbox 846 810 887 871; x_wconf 91' lang='grc' dir='ltr'><em>με</em></span> <span class='ocrx_word' id='word_1_28' title='bbox 913 779 1001 866; x_wconf 78' lang='grc' dir='ltr'><em>ἀξιοῖ</em></span> <span class='ocrx_word' id='word_1_29' title='bbox 1025 810 1121 851; x_wconf 88' lang='grc' dir='ltr'><em>ταυτι</em></span> 
     </span>
     <span class='ocr_line' id='line_1_5' title="bbox 162 879 1169 975; baseline -0.009 -15"><span class='ocrx_word' id='word_1_30' title='bbox 162 887 202 960; x_wconf 86' lang='grc' dir='ltr'><em>τά</em></span> <span class='ocrx_word' id='word_1_31' title='bbox 219 888 334 975; x_wconf 88' lang='grc' dir='ltr'><em>λοιπά,</em></span> <span class='ocrx_word' id='word_1_32' title='bbox 352 884 463 964; x_wconf 79' lang='grc' dir='ltr'><em>οὕτως</em></span> <span class='ocrx_word' id='word_1_33' title='bbox 480 881 560 954; x_wconf 80' lang='grc' dir='ltr'><em>ὅντα</em></span> <span class='ocrx_word' id='word_1_34' title='bbox 582 882 690 973; x_wconf 87' lang='grc' dir='ltr'><em>μικρά.</em></span> <span class='ocrx_word' id='word_1_35' title='bbox 727 879 790 971; x_wconf 80' lang='grc' dir='ltr'><em>ἐγω</em></span> <span class='ocrx_word' id='word_1_36' title='bbox 814 884 852 952; x_wconf 73' lang='grc' dir='ltr'><em>δὲ</em></span> <span class='ocrx_word' id='word_1_37' title='bbox 870 889 900 951; x_wconf 88' lang='grc' dir='ltr'><em>ί</em></span> <span class='ocrx_word' id='word_1_38' title='bbox 870 910 959 972; x_wconf 91' lang='grc' dir='ltr'><em>μη</em></span> <span class='ocrx_word' id='word_1_39' title='bbox 977 880 1067 953; x_wconf 86' lang='grc' dir='ltr'><em>πάνυ</em></span> <span class='ocrx_word' id='word_1_40' title='bbox 1083 879 1121 952; x_wconf 82' lang='grc' dir='ltr'><em>τό</em></span> <span class='ocrx_word' id='word_1_41' title='bbox 1138 893 1169 944; x_wconf 89' lang='grc'><em>41</em></span> 
     </span>
     <span class='ocr_line' id='line_1_6' title="bbox 163 982 1120 1112; baseline -0.007 -52"><span class='ocrx_word' id='word_1_42' title='bbox 163 994 297 1080; x_wconf 78' lang='grc' dir='ltr'><em>πρᾶγμα</em></span> <span class='ocrx_word' id='word_1_43' title='bbox 325 982 462 1107; x_wconf 81' lang='grc' dir='ltr'><em>αἰσχρόν</em></span> <span class='ocrx_word' id='word_1_44' title='bbox 495 983 581 1053; x_wconf 84' lang='grc' dir='ltr'><em>εἶναι</em></span> <span class='ocrx_word' id='word_1_45' title='bbox 610 983 757 1112; x_wconf 75' lang='grc' dir='ltr'><em>ἐνόμιζον</em></span> <span class='ocrx_word' id='word_1_46' title='bbox 789 985 844 1051; x_wconf 82' lang='grc' dir='ltr'><em>καὶ</em></span> <span class='ocrx_word' id='word_1_47' title='bbox 883 985 1120 1070; x_wconf 80' lang='grc' dir='ltr'><em>ἐπονείδιστον,</em></span> 
     </span>
     <span class='ocr_line' id='line_1_7' title="bbox 163 1074 1121 1180; baseline -0.009 -19"><span class='ocrx_word' id='word_1_48' title='bbox 163 1091 349 1180; x_wconf 87' lang='grc' dir='ltr'><em>προδουναι</em></span> <span class='ocrx_word' id='word_1_49' title='bbox 371 1084 429 1155; x_wconf 82' lang='grc' dir='ltr'><em>τόν</em></span> <span class='ocrx_word' id='word_1_50' title='bbox 452 1087 577 1174; x_wconf 77' lang='grc' dir='ltr'><em>πατέρα</em></span> <span class='ocrx_word' id='word_1_51' title='bbox 600 1074 642 1154; x_wconf 73' lang='grc' dir='ltr'><em>οὗ</em></span> <span class='ocrx_word' id='word_1_52' title='bbox 669 1084 754 1153; x_wconf 76' lang='grc' dir='ltr'><em>εἶναι</em></span> <span class='ocrx_word' id='word_1_53' title='bbox 777 1079 979 1171; x_wconf 80' lang='grc' dir='ltr'><em>τόνομάσθην</em></span> <span class='ocrx_word' id='word_1_54' title='bbox 1007 1078 1104 1152; x_wconf 75' lang='grc' dir='ltr'><em>καὶ“</em></span> <span class='ocrx_word' id='word_1_55' title='bbox 1083 1111 1121 1163; x_wconf 93' lang='grc' dir='ltr'><em>ος</em></span> 
     </span>
     <span class='ocr_line' id='line_1_8' title="bbox 165 1180 1120 1307; baseline -0.01 -48"><span class='ocrx_word' id='word_1_56' title='bbox 165 1185 341 1275; x_wconf 80' lang='grc' dir='ltr'><em>ἐποιήσατό</em></span> <span class='ocrx_word' id='word_1_57' title='bbox 362 1214 418 1307; x_wconf 84' lang='grc' dir='ltr'><em>με,</em></span> <span class='ocrx_word' id='word_1_58' title='bbox 442 1182 525 1273; x_wconf 79' lang='grc' dir='ltr'><em>ταχυ</em></span> <span class='ocrx_word' id='word_1_59' title='bbox 543 1180 589 1256; x_wconf 76' lang='grc' dir='ltr'><em>ἂν</em></span> <span class='ocrx_word' id='word_1_60' title='bbox 611 1181 755 1271; x_wconf 76' lang='grc' dir='ltr'><em>ἀπέστην</em></span> <span class='ocrx_word' id='word_1_61' title='bbox 778 1180 870 1276; x_wconf 81' lang='grc' dir='ltr'><em>αὐτφ</em></span> <span class='ocrx_word' id='word_1_62' title='bbox 890 1211 959 1252; x_wconf 83' lang='grc' dir='ltr'><em>των</em></span> <span class='ocrx_word' id='word_1_63' title='bbox 977 1187 1120 1252; x_wconf 82' lang='grc' dir='ltr'><em>ἐκείνου</em></span> 
     </span>
     <span class='ocr_line' id='line_1_9' title="bbox 166 1279 1122 1376; baseline -0.008 -18"><span class='ocrx_word' id='word_1_64' title='bbox 166 1297 235 1358; x_wconf 78' lang='grc' dir='ltr'><em>ἔστι</em></span> <span class='ocrx_word' id='word_1_65' title='bbox 263 1284 327 1376; x_wconf 83' lang='grc' dir='ltr'><em>γάρ</em></span> <span class='ocrx_word' id='word_1_66' title='bbox 352 1282 536 1356; x_wconf 79' lang='grc' dir='ltr'><em>ὑπόλοιπον</em></span> <span class='ocrx_word' id='word_1_67' title='bbox 563 1281 692 1355; x_wconf 77' lang='grc' dir='ltr'><em>οὐδε“</em></span> <span class='ocrx_word' id='word_1_68' title='bbox 672 1313 726 1373; x_wconf 85' lang='grc' dir='ltr'><em>εν,</em></span> <span class='ocrx_word' id='word_1_69' title='bbox 755 1313 800 1365; x_wconf 85' lang='grc' dir='ltr'><em>ως</em></span> <span class='ocrx_word' id='word_1_70' title='bbox 827 1279 926 1353; x_wconf 82' lang='grc' dir='ltr'><em>καὶ</em></span> <span class='ocrx_word' id='word_1_71' title='bbox 907 1287 992 1372; x_wconf 81' lang='grc' dir='ltr'><em>υμᾶς</em></span> <span class='ocrx_word' id='word_1_72' title='bbox 1013 1293 1122 1370; x_wconf 75' lang='grc' dir='ltr'><em>οἴομαι</em></span> 
     </span>
     <span class='ocr_line' id='line_1_10' title="bbox 166 1378 1173 1475; baseline -0.006 -17"><span class='ocrx_word' id='word_1_73' title='bbox 166 1386 408 1458; x_wconf 79' lang='grc' dir='ltr'><em>αἰσθάνεσθαι..</em></span> <span class='ocrx_word' id='word_1_74' title='bbox 437 1388 516 1456; x_wconf 82' lang='grc' dir='ltr'><em>νυνὶ</em></span> <span class='ocrx_word' id='word_1_75' title='bbox 534 1386 571 1454; x_wconf 74' lang='grc' dir='ltr'><em>δὲ</em></span> <span class='ocrx_word' id='word_1_76' title='bbox 584 1382 745 1455; x_wconf 82' lang='grc' dir='ltr'><em>δεινόν-τό</em></span> <span class='ocrx_word' id='word_1_77' title='bbox 762 1388 896 1475; x_wconf 81' lang='grc' dir='ltr'><em>πρᾶγμα</em></span> <span class='ocrx_word' id='word_1_78' title='bbox 913 1388 969 1454; x_wconf 86' lang='grc' dir='ltr'><em>καὶ</em></span> <span class='ocrx_word' id='word_1_79' title='bbox 988 1378 1124 1472; x_wconf 85' lang='grc' dir='ltr'><em>αίσχρδν</em></span> <span class='ocrx_word' id='word_1_80' title='bbox 1141 1395 1173 1444; x_wconf 80' lang='grc'><em>42</em></span> 
     </span>
     <span class='ocr_line' id='line_1_11' title="bbox 167 1481 1143 1576; baseline -0.006 -19"><span class='ocrx_word' id='word_1_81' title='bbox 167 1489 253 1559; x_wconf 78' lang='grc' dir='ltr'><em>εἶναι</em></span> <span class='ocrx_word' id='word_1_82' title='bbox 270 1492 350 1575; x_wconf 74' lang='grc' dir='ltr'><em>τῇδε</em></span> <span class='ocrx_word' id='word_1_83' title='bbox 366 1495 502 1576; x_wconf 79' lang='grc' dir='ltr'><em>νομίζω,</em></span> <span class='ocrx_word' id='word_1_84' title='bbox 528 1493 559 1554; x_wconf 86' lang='grc' dir='ltr'><em>εί</em></span> <span class='ocrx_word' id='word_1_85' title='bbox 573 1481 672 1573; x_wconf 82' lang='grc' dir='ltr'><em>ἡνίκα</em></span> <span class='ocrx_word' id='word_1_86' title='bbox 689 1487 751 1572; x_wconf 76' lang='grc' dir='ltr'><em>μέν</em></span> <span class='ocrx_word' id='word_1_87' title='bbox 767 1481 785 1555; x_wconf 88' lang='lat'>6</span> <span class='ocrx_word' id='word_1_88' title='bbox 803 1489 978 1573; x_wconf 81' lang='grc' dir='ltr'><em>Μενεκλῆς</em></span> <span class='ocrx_word' id='word_1_89' title='bbox 997 1484 1065 1573; x_wconf 79' lang='grc' dir='ltr'><em>εἶχέ</em></span> <span class='ocrx_word' id='word_1_90' title='bbox 1079 1512 1122 1568; x_wconf 88' lang='grc' dir='ltr'><em>τι,</em></span> <span class='ocrx_word' id='word_1_91' title='bbox 1137 1484 1143 1504; x_wconf 61' lang='grc'><strong>“</strong></span> 
     </span>
     <span class='ocr_line' id='line_1_12' title="bbox 167 1581 1123 1678; baseline -0.005 -20"><span class='ocrx_word' id='word_1_92' title='bbox 167 1588 240 1658; x_wconf 88' lang='grc' dir='ltr'><em>τότε</em></span> <span class='ocrx_word' id='word_1_93' title='bbox 257 1590 317 1678; x_wconf 69' lang='grc' dir='ltr'><em>μέν</em></span> <span class='ocrx_word' id='word_1_94' title='bbox 335 1595 442 1657; x_wconf 80' lang='grc' dir='ltr'><em>ἔδωκα</em></span> <span class='ocrx_word' id='word_1_95' title='bbox 460 1584 603 1675; x_wconf 81' lang='grc' dir='ltr'><em>ἐμαυτόν</em></span> <span class='ocrx_word' id='word_1_96' title='bbox 625 1583 701 1655; x_wconf 83' lang='grc' dir='ltr'><em>υίόν</em></span> <span class='ocrx_word' id='word_1_97' title='bbox 718 1581 810 1678; x_wconf 75' lang='grc' dir='ltr'><em>αὐτῷ</em></span> <span class='ocrx_word' id='word_1_98' title='bbox 831 1584 1046 1674; x_wconf 80' lang='grc' dir='ltr'><em>ποιήσασθαι,</em></span> <span class='ocrx_word' id='word_1_99' title='bbox 1067 1586 1123 1654; x_wconf 85' lang='grc' dir='ltr'><em>καὶ</em></span> 
     </span>
     <span class='ocr_line' id='line_1_13' title="bbox 167 1684 1124 1778; baseline -0.003 -21"><span class='ocrx_word' id='word_1_100' title='bbox 167 1686 232 1759; x_wconf 80' lang='grc' dir='ltr'><em>άπὸ</em></span> <span class='ocrx_word' id='word_1_101' title='bbox 249 1693 305 1778; x_wconf 80' lang='grc' dir='ltr'><em>τῆς</em></span> <span class='ocrx_word' id='word_1_102' title='bbox 322 1685 437 1768; x_wconf 79' lang='grc' dir='ltr'><em>οὐσίας</em></span> <span class='ocrx_word' id='word_1_103' title='bbox 460 1690 518 1774; x_wconf 78' lang='grc' dir='ltr'><em>τῆς</em></span> <span class='ocrx_word' id='word_1_104' title='bbox 541 1690 687 1773; x_wconf 78' lang='grc' dir='ltr'><em>ἐκείνου,</em></span> <span class='ocrx_word' id='word_1_105' title='bbox 712 1689 792 1774; x_wconf 81' lang='grc' dir='ltr'><em>πρὶν</em></span> <span class='ocrx_word' id='word_1_106' title='bbox 814 1691 984 1776; x_wconf 78' lang='grc' dir='ltr'><em>πραθῆναι</em></span> <span class='ocrx_word' id='word_1_107' title='bbox 1008 1684 1044 1755; x_wconf 86' lang='grc' dir='ltr'><em>τδ</em></span> <span class='ocrx_word' id='word_1_108' title='bbox 1062 1713 1124 1774; x_wconf 77' lang='grc' dir='ltr'><em>χυ-</em></span> 
     </span>
     <span class='ocr_line' id='line_1_14' title="bbox 168 1784 1153 1879; baseline -0.004 -20"><span class='ocrx_word' id='word_1_109' title='bbox 168 1799 251 1878; x_wconf 80' lang='grc' dir='ltr'><em>ρίον,</em></span> <span class='ocrx_word' id='word_1_110' title='bbox 277 1785 561 1878; x_wconf 76' lang='grc' dir='ltr'><em>ἐγυμνασιάρχουν</em></span> <span class='ocrx_word' id='word_1_111' title='bbox 586 1790 685 1879; x_wconf 78' lang='grc' dir='ltr'><em>ἐντῷ</em></span> <span class='ocrx_word' id='word_1_112' title='bbox 703 1784 795 1878; x_wconf 78' lang='grc' dir='ltr'><em>δήμῳ</em></span> <span class='ocrx_word' id='word_1_113' title='bbox 813 1789 867 1855; x_wconf 80' lang='grc' dir='ltr'><em>καὶ</em></span> <span class='ocrx_word' id='word_1_114' title='bbox 886 1784 1124 1875; x_wconf 76' lang='grc' dir='ltr'><em>ἐφιλοτιμήθην</em></span> <span class='ocrx_word' id='word_1_115' title='bbox 1149 1845 1153 1855; x_wconf 86' lang='grc'>.</span> 
     </span>
     <span class='ocr_line' id='line_1_15' title="bbox 168 1882 1181 1976; baseline -0.006 -17"><span class='ocrx_word' id='word_1_116' title='bbox 168 1886 212 1969; x_wconf 71' lang='grc' dir='ltr'><em>ὣς</em></span> <span class='ocrx_word' id='word_1_117' title='bbox 232 1888 306 1970; x_wconf 80' lang='grc' dir='ltr'><em>υλός</em></span> <span class='ocrx_word' id='word_1_118' title='bbox 330 1884 378 1958; x_wconf 68' lang='grc' dir='ltr'><em>τόν</em></span> <span class='ocrx_word' id='word_1_119' title='bbox 401 1892 548 1976; x_wconf 83' lang='grc' dir='ltr'><em>ἐκείνου,</em></span> <span class='ocrx_word' id='word_1_120' title='bbox 579 1890 635 1955; x_wconf 84' lang='grc' dir='ltr'><em>καὶ</em></span> <span class='ocrx_word' id='word_1_121' title='bbox 657 1883 714 1966; x_wconf 83' lang='grc' dir='ltr'><em>τάς</em></span> <span class='ocrx_word' id='word_1_122' title='bbox 743 1895 930 1976; x_wconf 81' lang='grc' dir='ltr'><em>στρατείας,</em></span> <span class='ocrx_word' id='word_1_123' title='bbox 956 1882 1034 1955; x_wconf 77' lang='grc' dir='ltr'><em>,ὅσαι</em></span> <span class='ocrx_word' id='word_1_124' title='bbox 1058 1887 1124 1972; x_wconf 78' lang='grc' dir='ltr'><em>έγέ·</em></span> <span class='ocrx_word' id='word_1_125' title='bbox 1177 1953 1181 1964; x_wconf 23' lang='lat' dir='ltr'>x</span> 
     </span>
     <span class='ocr_line' id='line_1_16' title="bbox 166 1985 1127 2081; baseline -0.006 -21"><span class='ocrx_word' id='word_1_126' title='bbox 166 2018 263 2060; x_wconf 88' lang='grc' dir='ltr'><em>νοντο</em></span> <span class='ocrx_word' id='word_1_127' title='bbox 287 1993 324 2059; x_wconf 85' lang='grc' dir='ltr'><em>ἐν</em></span> <span class='ocrx_word' id='word_1_128' title='bbox 346 1992 393 2081; x_wconf 72' lang='grc' dir='ltr'><em>τῷ</em></span> <span class='ocrx_word' id='word_1_129' title='bbox 413 1985 521 2079; x_wconf 77' lang='grc' dir='ltr'><em>χρόνῳ</em></span> <span class='ocrx_word' id='word_1_130' title='bbox 539 1986 661 2079; x_wconf 76' lang='grc' dir='ltr'><em>τούτῳ,</em></span> <span class='ocrx_word' id='word_1_131' title='bbox 686 1985 900 2076; x_wconf 78' lang='grc' dir='ltr'><em>ἐστράτευμαι</em></span> <span class='ocrx_word' id='word_1_132' title='bbox 923 1991 960 2056; x_wconf 82' lang='grc' dir='ltr'><em>ἐν</em></span> <span class='ocrx_word' id='word_1_133' title='bbox 977 1989 1019 2075; x_wconf 79' lang='grc' dir='ltr'><em>τῇ</em></span> <span class='ocrx_word' id='word_1_134' title='bbox 1034 1987 1127 2074; x_wconf 75' lang='grc' dir='ltr'><em>φυλῇ</em></span> 
     </span>
     <span class='ocr_line' id='line_1_17' title="bbox 166 2085 1176 2182; baseline -0.006 -23"><span class='ocrx_word' id='word_1_135' title='bbox 166 2094 209 2179; x_wconf 77' lang='grc' dir='ltr'><em>τῇ</em></span> <span class='ocrx_word' id='word_1_136' title='bbox 232 2094 361 2159; x_wconf 84' lang='grc' dir='ltr'><em>ἐκείνου</em></span> <span class='ocrx_word' id='word_1_137' title='bbox 384 2090 439 2158; x_wconf 86' lang='grc' dir='ltr'><em>καὶ</em></span> <span class='ocrx_word' id='word_1_138' title='bbox 463 2092 499 2157; x_wconf 79' lang='grc' dir='ltr'><em>ἐν</em></span> <span class='ocrx_word' id='word_1_139' title='bbox 520 2091 567 2180; x_wconf 73' lang='grc' dir='ltr'><em>τῷ</em></span> <span class='ocrx_word' id='word_1_140' title='bbox 591 2086 699 2182; x_wconf 80' lang='grc' dir='ltr'><em>δημφ·</em></span> <span class='ocrx_word' id='word_1_141' title='bbox 725 2085 839 2175; x_wconf 80' lang='grc' dir='ltr'><em>ἐπειδὴ</em></span> <span class='ocrx_word' id='word_1_142' title='bbox 860 2089 898 2156; x_wconf 71' lang='grc' dir='ltr'><em>δὲ</em></span> <span class='ocrx_word' id='word_1_143' title='bbox 916 2091 1040 2166; x_wconf 82' lang='grc' dir='ltr'><em>ἐκεῖνος</em></span> <span class='ocrx_word' id='word_1_144' title='bbox 1059 2089 1125 2156; x_wconf 83' lang='grc' dir='ltr'><em>ἐτε-</em></span> <span class='ocrx_word' id='word_1_145' title='bbox 1143 2097 1176 2153; x_wconf 77' lang='grc'><em>43</em></span> 
     </span>
     <span class='ocr_line' id='line_1_18' title="bbox 168 2184 1126 2279; baseline -0.002 -19"><span class='ocrx_word' id='word_1_146' title='bbox 168 2189 343 2279; x_wconf 82' lang='grc' dir='ltr'><em>λεότησεν,</em></span> <span class='ocrx_word' id='word_1_147' title='bbox 373 2197 405 2259; x_wconf 86' lang='grc' dir='ltr'><em>εί</em></span> <span class='ocrx_word' id='word_1_148' title='bbox 431 2189 594 2279; x_wconf 77' lang='grc' dir='ltr'><em>προδώσω</em></span> <span class='ocrx_word' id='word_1_149' title='bbox 621 2192 677 2261; x_wconf 85' lang='grc' dir='ltr'><em>καὶ</em></span> <span class='ocrx_word' id='word_1_150' title='bbox 708 2188 911 2279; x_wconf 70' lang='grc' dir='ltr'><em>ἐξερημώσας</em></span> <span class='ocrx_word' id='word_1_151' title='bbox 940 2185 1045 2259; x_wconf 78' lang='grc' dir='ltr'><em>αὐτου</em></span> <span class='ocrx_word' id='word_1_152' title='bbox 1067 2184 1126 2258; x_wconf 80' lang='grc' dir='ltr'><em>τόν</em></span> 
     </span>
     <span class='ocr_line' id='line_1_19' title="bbox 168 2285 1125 2377; baseline -0.003 -17"><span class='ocrx_word' id='word_1_153' title='bbox 168 2290 261 2360; x_wconf 83' lang='grc' dir='ltr'><em>οἷκον</em></span> <span class='ocrx_word' id='word_1_154' title='bbox 284 2286 391 2359; x_wconf 75' lang='grc' dir='ltr'><em>άπιών</em></span> <span class='ocrx_word' id='word_1_155' title='bbox 413 2288 601 2377; x_wconf 83' lang='grc' dir='ltr'><em>οίχήσομαι,</em></span> <span class='ocrx_word' id='word_1_156' title='bbox 625 2294 695 2371; x_wconf 72' lang='grc' dir='ltr'><em>πῶς</em></span> <span class='ocrx_word' id='word_1_157' title='bbox 717 2286 780 2359; x_wconf 81' lang='grc' dir='ltr'><em>οὐκ</em></span> <span class='ocrx_word' id='word_1_158' title='bbox 801 2285 843 2360; x_wconf 82' lang='grc' dir='ltr'><em>άν</em></span> <span class='ocrx_word' id='word_1_159' title='bbox 862 2288 974 2360; x_wconf 79' lang='grc' dir='ltr'><em>δεινόν</em></span> <span class='ocrx_word' id='word_1_160' title='bbox 989 2288 1026 2360; x_wconf 83' lang='grc' dir='ltr'><em>τό</em></span> <span class='ocrx_word' id='word_1_161' title='bbox 1044 2292 1125 2377; x_wconf 81' lang='grc' dir='ltr'><em>πρά·</em></span> 
     </span>
     <span class='ocr_line' id='line_1_20' title="bbox 169 2390 1125 2483; baseline -0.001 -24"><span class='ocrx_word' id='word_1_162' title='bbox 169 2420 237 2478; x_wconf 89' lang='grc' dir='ltr'><em>γμα</em></span> <span class='ocrx_word' id='word_1_163' title='bbox 260 2390 419 2459; x_wconf 79' lang='grc' dir='ltr'><em>εἶναικαὶ</em></span> <span class='ocrx_word' id='word_1_164' title='bbox 442 2393 682 2476; x_wconf 80' lang='grc' dir='ltr'><em>καταγέλαστον</em></span> <span class='ocrx_word' id='word_1_165' title='bbox 703 2398 831 2478; x_wconf 88' lang='grc' dir='ltr'><em>δοκοίη,</em></span> <span class='ocrx_word' id='word_1_166' title='bbox 850 2393 906 2459; x_wconf 81' lang='grc' dir='ltr'><em>καὶ</em></span> <span class='ocrx_word' id='word_1_167' title='bbox 923 2407 991 2471; x_wconf 77' lang='grc' dir='ltr'><em>τοῖς</em></span> <span class='ocrx_word' id='word_1_168' title='bbox 1008 2398 1125 2483; x_wconf 71' lang='grc' dir='ltr'><em>βουλοῇ</em></span> 
     </span>
     <span class='ocr_line' id='line_1_21' title="bbox 168 2488 1126 2579; baseline -0.003 -20"><span class='ocrx_word' id='word_1_169' title='bbox 168 2492 279 2579; x_wconf 85' lang='grc' dir='ltr'><em>μένοις</em></span> <span class='ocrx_word' id='word_1_170' title='bbox 297 2491 374 2578; x_wconf 79' lang='grc' dir='ltr'><em>περὶ</em></span> <span class='ocrx_word' id='word_1_171' title='bbox 385 2491 469 2578; x_wconf 71' lang='grc' dir='ltr'><em>,ἐμοῦ</em></span> <span class='ocrx_word' id='word_1_172' title='bbox 485 2495 694 2577; x_wconf 74' lang='grc' dir='ltr'><em>βλασφημεῖν</em></span> <span class='ocrx_word' id='word_1_173' title='bbox 710 2488 836 2576; x_wconf 80' lang='grc' dir='ltr'><em>πολλὴν</em></span> <span class='ocrx_word' id='word_1_174' title='bbox 855 2493 1005 2571; x_wconf 80' lang='grc' dir='ltr'><em>ἐξουσίαν</em></span> <span class='ocrx_word' id='word_1_175' title='bbox 1022 2517 1126 2577; x_wconf 86' lang='grc' dir='ltr'><em>παρα-</em></span> 
     </span>
     <span class='ocr_line' id='line_1_22' title="bbox 168 2585 1128 2679; baseline -0.004 -20"><span class='ocrx_word' id='word_1_176' title='bbox 168 2593 324 2679; x_wconf 83' lang='grc' dir='ltr'><em>σχέσθαι;</em></span> <span class='ocrx_word' id='word_1_177' title='bbox 348 2592 403 2659; x_wconf 78' lang='grc' dir='ltr'><em>καὶ</em></span> <span class='ocrx_word' id='word_1_178' title='bbox 424 2585 466 2659; x_wconf 79' lang='grc' dir='ltr'><em>οὐ</em></span> <span class='ocrx_word' id='word_1_179' title='bbox 489 2586 591 2676; x_wconf 88' lang='grc' dir='ltr'><em>μόνον</em></span> <span class='ocrx_word' id='word_1_180' title='bbox 613 2585 708 2658; x_wconf 73' lang='grc' dir='ltr'><em>ταῦτ’</em></span> <span class='ocrx_word' id='word_1_181' title='bbox 738 2593 806 2659; x_wconf 82' lang='grc' dir='ltr'><em>ἐστὶ</em></span> <span class='ocrx_word' id='word_1_182' title='bbox 834 2586 874 2658; x_wconf 84' lang='grc' dir='ltr'><em>τά</em></span> <span class='ocrx_word' id='word_1_183' title='bbox 902 2586 1067 2659; x_wconf 77' lang='grc' dir='ltr'><em>ποιοῦντά</em></span> <span class='ocrx_word' id='word_1_184' title='bbox 1087 2614 1128 2675; x_wconf 81' lang='grc' dir='ltr'><em>με</em></span> 
     </span>
     <span class='ocr_line' id='line_1_23' title="bbox 169 2684 1127 2779; baseline -0.003 -19"><span class='ocrx_word' id='word_1_185' title='bbox 169 2688 390 2779; x_wconf 73' lang='grc' dir='ltr'><em>ἀγωνίζεσθαι</em></span> <span class='ocrx_word' id='word_1_186' title='bbox 412 2687 471 2760; x_wconf 84' lang='grc' dir='ltr'><em>τόν</em></span> <span class='ocrx_word' id='word_1_187' title='bbox 494 2685 607 2776; x_wconf 87' lang='grc' dir='ltr'><em>άγωνα</em></span> <span class='ocrx_word' id='word_1_188' title='bbox 628 2692 762 2777; x_wconf 77' lang='grc' dir='ltr'><em>τοῦτον,</em></span> <span class='ocrx_word' id='word_1_189' title='bbox 786 2684 868 2758; x_wconf 70' lang='grc' dir='ltr'><em>ἀλλ’</em></span> <span class='ocrx_word' id='word_1_190' title='bbox 885 2696 916 2757; x_wconf 87' lang='grc' dir='ltr'><em>εί</em></span> <span class='ocrx_word' id='word_1_191' title='bbox 937 2717 1024 2760; x_wconf 82' lang='grc' dir='ltr'><em>ουτω</em></span> <span class='ocrx_word' id='word_1_192' title='bbox 1041 2690 1127 2777; x_wconf 80' lang='grc' dir='ltr'><em>φαῦ-</em></span> 
     </span>
     <span class='ocr_line' id='line_1_24' title="bbox 170 2786 1128 2881; baseline -0.002 -22"><span class='ocrx_word' id='word_1_193' title='bbox 170 2801 226 2871; x_wconf 84' lang='grc' dir='ltr'><em>λος</em></span> <span class='ocrx_word' id='word_1_194' title='bbox 247 2789 424 2881; x_wconf 78' lang='grc' dir='ltr'><em>ἅνθρωπος</em></span> <span class='ocrx_word' id='word_1_195' title='bbox 449 2793 538 2860; x_wconf 85' lang='grc' dir='ltr'><em>δοκο</em></span> <span class='ocrx_word' id='word_1_196' title='bbox 561 2789 645 2859; x_wconf 84' lang='grc' dir='ltr'><em>εἶναι</em></span> <span class='ocrx_word' id='word_1_197' title='bbox 669 2792 724 2859; x_wconf 80' lang='grc' dir='ltr'><em>καὶ</em></span> <span class='ocrx_word' id='word_1_198' title='bbox 746 2786 887 2878; x_wconf 81' lang='grc' dir='ltr'><em>μηδενός</em></span> <span class='ocrx_word' id='word_1_199' title='bbox 914 2786 1015 2876; x_wconf 81' lang='grc' dir='ltr'><em>άξιος,</em></span> <span class='ocrx_word' id='word_1_200' title='bbox 1044 2810 1128 2858; x_wconf 83' lang='grc' dir='ltr'><em>υστε</em></span> 
     </span>
     <span class='ocr_line' id='line_1_25' title="bbox 170 2884 1128 3014; baseline 0.001 -55"><span class='ocrx_word' id='word_1_201' title='bbox 170 2887 237 2960; x_wconf 80' lang='grc' dir='ltr'><em>ὑπὸ</em></span> <span class='ocrx_word' id='word_1_202' title='bbox 254 2920 315 2979; x_wconf 83' lang='grc' dir='ltr'><em>μεν</em></span> <span class='ocrx_word' id='word_1_203' title='bbox 333 2920 371 2960; x_wconf 88' lang='grc' dir='ltr'><em>ευ</em></span> <span class='ocrx_word' id='word_1_204' title='bbox 388 2919 592 3013; x_wconf 86' lang='grc' dir='ltr'><em>φρουουντος</em></span> <span class='ocrx_word' id='word_1_205' title='bbox 609 2887 687 2979; x_wconf 91' lang='grc' dir='ltr'><em>μηδ’</em></span> <span class='ocrx_word' id='word_1_206' title='bbox 706 2884 768 2979; x_wconf 85' lang='grc' dir='ltr'><em>αφ’</em></span> <span class='ocrx_word' id='word_1_207' title='bbox 793 2888 866 2971; x_wconf 82' lang='grc' dir='ltr'><em>ἑνός</em></span> <span class='ocrx_word' id='word_1_208' title='bbox 887 2885 931 2960; x_wconf 83' lang='grc' dir='ltr'><em>άν</em></span> <span class='ocrx_word' id='word_1_209' title='bbox 941 2894 1128 3014; x_wconf 83' lang='grc' dir='ltr'><em>πριηθηναι</em></span> 
     </span>
     <span class='ocr_line' id='line_1_26' title="bbox 171 2986 1129 3081; baseline -0.001 -22"><span class='ocrx_word' id='word_1_210' title='bbox 171 3019 238 3059; x_wconf 88' lang='grc' dir='ltr'><em>των</em></span> <span class='ocrx_word' id='word_1_211' title='bbox 261 2998 385 3079; x_wconf 87' lang='grc' dir='ltr'><em>φίλων,</em></span> <span class='ocrx_word' id='word_1_212' title='bbox 408 2987 474 3061; x_wconf 77' lang='grc' dir='ltr'><em>ὑπὸ</em></span> <span class='ocrx_word' id='word_1_213' title='bbox 499 2991 535 3059; x_wconf 72' lang='grc' dir='ltr'><em>δέ</em></span> <span class='ocrx_word' id='word_1_214' title='bbox 552 2996 864 3081; x_wconf 77' lang='grc' dir='ltr'><em>παραφρονοῦντος,</em></span> <span class='ocrx_word' id='word_1_215' title='bbox 889 2997 971 3061; x_wconf 76' lang='grc' dir='ltr'><em>ταῦτ</em></span> <span class='ocrx_word' id='word_1_216' title='bbox 975 2986 1125 3061; x_wconf 81' lang='grc' dir='ltr'><em>’ἐστὶ</em></span> <span class='ocrx_word' id='word_1_217' title='bbox 1089 3017 1129 3059; x_wconf 89' lang='grc' dir='ltr'><em>τα</em></span> 
     </span>
     <span class='ocr_line' id='line_1_27' title="bbox 172 3090 409 3177; baseline -0.004 -17"><span class='ocrx_word' id='word_1_218' title='bbox 172 3090 344 3160; x_wconf 78' lang='grc' dir='ltr'><em>λυπουντά</em></span> <span class='ocrx_word' id='word_1_219' title='bbox 361 3118 409 3177; x_wconf 92' lang='grc' dir='ltr'><em>με.</em></span> 
     </span>
    </p>

    <p class='ocr_par' dir='ltr' id='par_1_3' title="bbox 171 3181 1240 3789">
     <span class='ocr_line' id='line_1_28' title="bbox 219 3181 1240 3281; baseline -0.005 -21"><span class='ocrx_word' id='word_1_220' title='bbox 219 3187 300 3278; x_wconf 72' lang='grc' dir='ltr'><em>Ἐγώ</em></span> <span class='ocrx_word' id='word_1_221' title='bbox 323 3181 384 3259; x_wconf 80' lang='grc' dir='ltr'><em>οὖν</em></span> <span class='ocrx_word' id='word_1_222' title='bbox 415 3193 527 3279; x_wconf 88' lang='grc' dir='ltr'><em>δέομαι</em></span> <span class='ocrx_word' id='word_1_223' title='bbox 550 3186 646 3279; x_wconf 73' lang='grc' dir='ltr'><em>ὑμῶν</em></span> <span class='ocrx_word' id='word_1_224' title='bbox 674 3189 824 3281; x_wconf 84' lang='grc' dir='ltr'><em>πάντων,</em></span> <span class='ocrx_word' id='word_1_225' title='bbox 854 3182 881 3260; x_wconf 75' lang='grc' dir='ltr'><em>τό</em></span> <span class='ocrx_word' id='word_1_226' title='bbox 908 3188 1044 3281; x_wconf 75' lang='grc' dir='ltr'><em>ἄνδρες,</em></span> <span class='ocrx_word' id='word_1_227' title='bbox 1074 3190 1129 3257; x_wconf 86' lang='grc' dir='ltr'><em>καὶ</em></span> <span class='ocrx_word' id='word_1_228' title='bbox 1146 3201 1180 3249; x_wconf 93' lang='grc'><em>44</em></span> <span class='ocrx_word' id='word_1_229' title='bbox 1237 3202 1240 3212; x_wconf 77' lang='lat'>‘</span> 
     </span>
     <span class='ocr_line' id='line_1_29' title="bbox 171 3289 1129 3380; baseline -0.004 -19"><span class='ocrx_word' id='word_1_230' title='bbox 171 3289 338 3378; x_wconf 71' lang='grc' dir='ltr'><em>άντιβολιῖ</em></span> <span class='ocrx_word' id='word_1_231' title='bbox 365 3293 420 3360; x_wconf 81' lang='grc' dir='ltr'><em>καί</em></span> <span class='ocrx_word' id='word_1_232' title='bbox 450 3289 586 3359; x_wconf 73' lang='grc' dir='ltr'><em>ἱκετεύω</em></span> <span class='ocrx_word' id='word_1_233' title='bbox 615 3293 751 3376; x_wconf 76' lang='grc' dir='ltr'><em>ἐλεῆσαί</em></span> <span class='ocrx_word' id='word_1_234' title='bbox 776 3320 817 3380; x_wconf 92' lang='grc' dir='ltr'><em>με</em></span> <span class='ocrx_word' id='word_1_235' title='bbox 840 3295 895 3361; x_wconf 82' lang='grc' dir='ltr'><em>καὶ</em></span> <span class='ocrx_word' id='word_1_236' title='bbox 919 3290 1129 3378; x_wconf 75' lang='grc' dir='ltr'><em>ἀποψηφίσα-</em></span> 
     </span>
     <span class='ocr_line' id='line_1_30' title="bbox 172 3388 1130 3481; baseline -0.002 -20"><span class='ocrx_word' id='word_1_237' title='bbox 172 3404 253 3462; x_wconf 90' lang='grc' dir='ltr'><em>σθαι</em></span> <span class='ocrx_word' id='word_1_238' title='bbox 271 3396 331 3462; x_wconf 78' lang='grc' dir='ltr'><em>τοῦ</em></span> <span class='ocrx_word' id='word_1_239' title='bbox 346 3390 509 3481; x_wconf 84' lang='grc' dir='ltr'><em>μάρτυρος</em></span> <span class='ocrx_word' id='word_1_240' title='bbox 527 3398 668 3459; x_wconf 89' lang='grc' dir='ltr'><em>τουτουί.</em></span> <span class='ocrx_word' id='word_1_241' title='bbox 710 3390 865 3480; x_wconf 76' lang='grc' dir='ltr'><em>ἀπέφηνα</em></span> <span class='ocrx_word' id='word_1_242' title='bbox 888 3390 920 3461; x_wconf 91' lang='grc' dir='ltr'><em>δ’</em></span> <span class='ocrx_word' id='word_1_243' title='bbox 944 3388 1026 3478; x_wconf 80' lang='grc' dir='ltr'><em>ὑμῖν</em></span> <span class='ocrx_word' id='word_1_244' title='bbox 1043 3393 1130 3480; x_wconf 71' lang='grc' dir='ltr'><em>προί-</em></span> 
     </span>
     <span class='ocr_line' id='line_1_31' title="bbox 172 3485 1129 3581; baseline -0.002 -20"><span class='ocrx_word' id='word_1_245' title='bbox 172 3521 230 3561; x_wconf 90' lang='grc' dir='ltr'><em>τον</em></span> <span class='ocrx_word' id='word_1_246' title='bbox 247 3493 308 3581; x_wconf 75' lang='grc' dir='ltr'><em>μὲν</em></span> <span class='ocrx_word' id='word_1_247' title='bbox 325 3495 506 3580; x_wconf 83' lang='grc' dir='ltr'><em>ποιηθέντα</em></span> <span class='ocrx_word' id='word_1_248' title='bbox 529 3488 669 3579; x_wconf 81' lang='grc' dir='ltr'><em>ἐμαυτόν</em></span> <span class='ocrx_word' id='word_1_249' title='bbox 686 3487 753 3562; x_wconf 80' lang='grc' dir='ltr'><em>ὑπὸ</em></span> <span class='ocrx_word' id='word_1_250' title='bbox 776 3496 837 3562; x_wconf 70' lang='grc' dir='ltr'><em>τοι]</em></span> <span class='ocrx_word' id='word_1_251' title='bbox 853 3494 1062 3573; x_wconf 79' lang='grc' dir='ltr'><em>Μενεκλέους</em></span> <span class='ocrx_word' id='word_1_252' title='bbox 1085 3485 1129 3571; x_wconf 73' lang='grc' dir='ltr'><em>ὥς</em></span> 
     </span>
     <span class='ocr_line' id='line_1_32' title="bbox 172 3589 1129 3686; baseline -0.001 -25"><span class='ocrx_word' id='word_1_253' title='bbox 172 3590 215 3661; x_wconf 81' lang='grc' dir='ltr'><em>ἄν</em></span> <span class='ocrx_word' id='word_1_254' title='bbox 236 3621 285 3672; x_wconf 90' lang='grc' dir='ltr'><em>τις</em></span> <span class='ocrx_word' id='word_1_255' title='bbox 311 3592 498 3663; x_wconf 89' lang='grc' dir='ltr'><em>δικαιότατα</em></span> <span class='ocrx_word' id='word_1_256' title='bbox 521 3599 691 3680; x_wconf 90' lang='grc' dir='ltr'><em>ποιηθείη,</em></span> <span class='ocrx_word' id='word_1_257' title='bbox 716 3597 771 3663; x_wconf 84' lang='grc' dir='ltr'><em>καὶ</em></span> <span class='ocrx_word' id='word_1_258' title='bbox 793 3590 834 3663; x_wconf 77' lang='grc' dir='ltr'><em>οὐ</em></span> <span class='ocrx_word' id='word_1_259' title='bbox 853 3590 939 3686; x_wconf 79' lang='grc' dir='ltr'><em>λόγῳ</em></span> <span class='ocrx_word' id='word_1_260' title='bbox 956 3589 1036 3663; x_wconf 65' lang='grc' dir='ltr'><em>οὐδὲ</em></span> <span class='ocrx_word' id='word_1_261' title='bbox 1060 3600 1129 3662; x_wconf 88' lang='grc' dir='ltr'><em>δια·</em></span> 
     </span>
     <span class='ocr_line' id='line_1_33' title="bbox 173 3689 1180 3789; baseline 0.004 -28"><span class='ocrx_word' id='word_1_262' title='bbox 173 3690 263 3783; x_wconf 76' lang='grc' dir='ltr'><em>θήκη</em></span> <span class='ocrx_word' id='word_1_263' title='bbox 280 3691 342 3783; x_wconf 77' lang='grc' dir='ltr'><em>τὴν</em></span> <span class='ocrx_word' id='word_1_264' title='bbox 358 3702 492 3783; x_wconf 86' lang='grc' dir='ltr'><em>ποίησιν</em></span> <span class='ocrx_word' id='word_1_265' title='bbox 508 3694 748 3784; x_wconf 85' lang='grc' dir='ltr'><em>γεγενημένην,</em></span> <span class='ocrx_word' id='word_1_266' title='bbox 771 3689 845 3762; x_wconf 79' lang='grc' dir='ltr'><em>ἀλλ’</em></span> <span class='ocrx_word' id='word_1_267' title='bbox 865 3700 965 3789; x_wconf 84' lang='grc' dir='ltr'><em>ἕργφ·</em></span> <span class='ocrx_word' id='word_1_268' title='bbox 982 3696 1039 3764; x_wconf 80' lang='grc' dir='ltr'><em>καὶ</em></span> <span class='ocrx_word' id='word_1_269' title='bbox 1055 3690 1129 3765; x_wconf 76' lang='grc' dir='ltr'><em>τού-</em></span> <span class='ocrx_word' id='word_1_270' title='bbox 1147 3705 1180 3756; x_wconf 69' lang='grc'><em>44</em></span> 
     </span>
    </p>
   </div>
   <div class='ocr_carea' id='block_1_3' title="bbox 0 0 1386 4375">
    <p class='ocr_par' dir='ltr' id='par_1_4' title="bbox 0 0 1386 4375">
     <span class='ocr_line' id='line_1_34' title="bbox 0 0 1386 4375; baseline 0 0"><span class='ocrx_word' id='word_1_271' title='bbox 0 0 1386 4375; x_wconf 95' lang='lat' dir='ltr'><em> </em></span> 
     </span>
    </p>
   </div>
  </div>
 </body>
</html>
