2734 4375
147 448 176 499 μ.
194 429 237 481 4⁷.
309 424 400 477 ΠΕΡΙ
415 423 491 476 ΤΟΤ
507 421 770 475 ΝΙΚΟΣΤΡΔΤΟΤ
786 422 950 475 mmor.
1063 430 1109 492 :53

149 602 263 690 πρώτα
284 595 396 683 έπί
352 626 400 668 τα
416 592 646 716 Νικοστράτου
670 584 872 685 ᾄξαντες
829 603 924 665 ουτοί
910 602 1025 664 ί·εἰσι
1043 600 1110 666 Xa-

150 698 266 821 ριάδης
288 697 326 767 δέ
346 695 420 768 τότε
436 696 497 784 μέν
514 689 665 782 ούδαμού
682 690 994 782 ἠμφισβήτησεν,
971 709 1112 785 υστερου

150 794 248 870 δὲ’
210 827 250 868 ον
273 797 376 886 μόνον
399 792 499 873 αύτός
522 789 605 863 ἀλλά
626 796 682 865 καὶ
704 822 741 863 το
731 791 854 862 έκ
813 821 870 881 της
888 798 1019 884 ἑταίρας
1037 823 1111 865 παι·
1144 798 1148 807 ’

149 906 223 970 δίον
245 899 402 967 εἰσποιεῖν
427 885 520 982 ήλθε
564 896 660 964 τούτο
686 890 720 962 6'
747 884 790 980 ήν
815 889 906 987 αὐτῷ
931 891 976 976 ὡς
1001 891 1022 983 6
1044 925 1112 966 των

147 997 322 1090 χρημάτων
345 989 623 1083 κληρονομήσοντι
645 988 666 1081 6
688 991 725 1064 τδ
747 990 924 1064 παιδίον’
904 991 1004 1065 αστὸν
1020 995 1112 1084 ποιή-

148 1121 249 1171 σοντι
291 1094 489 1183 αἰσθόμενος
514 1095 551 1164 δὲ
573 1083 741 1174 καίοντος
758 1091 807 1163 ὅτι
825 1096 980 1182 περὶτοῦ
996 1098 1114 1182 γένους

149 1195 396 1286 έλεγχθήσοιτο,
415 1192 476 1283 τήν
492 1195 553 1283 μέν
569 1223 628 1263 τον
618 1198 776 1264 παιδίου
791 1190 1038 1283 ἀμφισβήτησιν
1053 1221 1114 1264 πα-

150 1299 343 1389 ρέλυσεν,
327 1324 433 1388 εαντρι
422 1296 490 1364 δὲ
506 1292 587 1364 κατὰ
605 1292 699 1365 δύσιν
716 1299 996 1418 παρακατέβριλεν

223 1395 337 1485 Ἐγρήν
354 1396 394 1485 μὶ
395 1426 416 1464 ν
432 1386 511 1483 σύν,
529 1424 555 1464 ω
544 1386 748 1484 άνδρες,”
728 1416 817 1476 οστις
834 1424 919 1464 κατα
907 1393 1033 1466 δόσιν
1038 1422 1114 1484 χρη-
1135 1402 1163 1452 11

149 1497 262 1587 μάτων
283 1493 500 1618 ἀμφισβητνὶη
520 1491 695 1583 ἡττηθείη,
719 1493 764 1615 μή
785 1494 868 1565 κατά
889 1495 926 1565 τὸ
948 1499 1040 1576 τέλος
1063 1505 1115 1584 ζη

150 1602 326 1688 μιούσθαι,
349 1593 421 1665 ἀλλ’
443 1593 534 1684 ἐφ’
515 1619 577 1665 οσα
599 1622 661 1684 περ
679 1593 901 1683 ληνόμενος”
879 1624 949 1685 ηει,
971 1600 1116 1666 τοσαῦτα

151 1701 193 1787 τή
209 1696 301 1767 πόλει
317 1692 501 1767 ἀποτίνειν·
520 1693 607 1765 ούτω
624 1693 688 1783 γάρ
704 1689 747 1764 άν
763 1692 843 1764 οὔθ’
862 1701 896 1765 oc
910 1695 1005 1784 νόμοι
1022 1724 1114 1766 κατε-

151 1802 336 1887 φρονοῦντο
351 1794 428 1866 οὔτε
440 1794 480 1866 τά
491 1798 570 1882 γένη
581 1791 749 1883 ὑβρίζετο,
767 1792 830 1881 πρὸ
844 1796 882 1864 δέ
892 1794 1020 1866 τούτων
1036 1793 1114 1865 066’

150 1893 192 1969 ἀν
218 1901 286 1967 τοῖν
307 1895 502 1967 τεθνεώτων
529 1892 640 1974 ούδείς
667 1892 899 1977 κατεψεύδετο
940 1894 1055 1983 ἐπειδή
1078 1896 1117 1966 δέ

150 1996 252 2069 ἅπασι
273 2000 329 2067 καί
351 2001 419 2066 των
436 1991 618 2086 ἀλλοτρίων
634 1990 808 2084 ἀπάντων,
826 1992 905 2065 καθ’
924 1992 944 2065 6
959 2025 991 2065 τι
1008 1994 1051 2066 άν
1066 2024 1116 2076 τις

151 2097 344 2228 &Memfi
348 2092 568 2220 ἀμφισβητεῖν
592 2091 784 2183 ἔξεστιν,
763 2099 849 2184 υμᾶς
872 2094 934 2185 χρὴ
958 2099 1034 2185 περὶ
1057 2093 1116 2166 αύ·

150 2204 217 2269 των
241 2195 286 2279 ὡς
309 2193 381 2267 οιον
404 2226 422 2267 τ
428 2195 672 2286 ’ἀκριβέστατα
690 2196 848 2281 ἐξετάζειν
871 2200 928 2267 καὶ
945 2199 1053 2287 μηδὲν
1070 2203 1118 2279 εἰς

150 2296 231 2370 ὅσον
255 2296 405 2367 δύνασθε
427 2304 671 2385 παραλείπειν.
694 2301 730 2384 έν
751 2296 866 2385 μόνως
890 2299 927 2367 δέ
954 2315 1027 2378 ταῖς
1049 2302 1117 2368 τῶν
1135 2308 1168 2358 12

152 2397 285 2487 κλήρων
308 2404 503 2484 εἰσαγωγαῖς
528 2403 621 2466 δοκει
647 2424 702 2486 μοι
724 2397 904 2484 προσήκειν
931 2407 1117 2487 τεκμηρίοις

151 2503 276 2588 μάλλον
297 2494 318 2585 6
340 2495 480 2585 μάρτυσι
503 2494 678 2566 πιστεύειν.
721 2500 797 2584 περὶ
820 2498 882 2583 μὲν
898 2493 961 2585 γάρ
977 2500 1045 2566 των
1062 2495 1117 2565 άλ·
1145 2535 1147 2540 ·

153 2609 222 2680 λων
248 2605 460 2687 συμβολαίων
487 2593 528 2667 ού
557 2594 647 2666 πάνυ
675 2594 817 2685 χαλεπὸν
846 2593 923 2675 τούς
946 2593 986 2665 τά
1008 2599 1120 2683 ψευδῆ

152 2702 401 2792 μαρτυρούντας
419 2699 577 2786 ἐλέγχειν·
596 2699 715 2781 ζῶντος
731 2692 794 2784 γάρ
812 2698 867 2764 καὶ
884 2694 1045 2784 παρόντος
1059 2700 1121 2765 τοῦ

154 2798 335 2887 πράξαντος
364 2801 665 2887 καταμαρτυροῦσι
694 2799 769 2886 περὶ
793 2796 831 2865 δε
852 2799 919 2865 τοῖν
949 2800 1121 2884 διαθηκων

154 2902 225 2977 πῶς
249 2894 291 2968 ἀν
313 2926 361 2979 τις
385 2907 480 3019 γνρίη
502 2895 580 2980 τούς
601 2895 647 2986 μή
667 2893 798 2984 τάληθή
820 2900 992 2985 λέγοντας,
1023 2905 1053 2966 εἰ
1075 2894 1122 3020 μή

153 2998 246 3071 πάνυ
262 2995 388 3085 μεγάλα
404 2996 444 3067 τά
463 3000 663 3088 διαφέροντα
680 3008 750 3085 εἰη,
775 2992 878 3066 αύτου
866 2997 957 3085 μὲν
974 2994 1054 3066 καθ’
1079 2986 1122 3067 06

154 3102 359 3190 μαρτυροῦσι
376 3102 572 3188 τεθνεωτος,
596 3102 664 3168 των
681 3099 720 3167 66
742 3118 914 3185 σνγγενωυ
931 3098 1037 3186 μηδὲν
1053 3126 1121 3167 των

155 3201 398 3290 πεπραγμένων
411 3195 564 3287 εἰδότων,
580 3227 641 3269 του
629 3199 693 3267 δέ
711 3201 844 3286 ἐλέγχου
855 3192 1049 3314 μηδαμως’
1030 3226 1121 3285 ακρι·

157 3303 239 3388 βοάς
255 3301 472 3387 γιγνομένου,
496 3305 542 3367 ἔτι
559 3302 621 3385 δέ,
645 3327 671 3367 ω
660 3287 826 3386 ἀνδρες,
851 3301 997 3367 καίνων
1021 3302 1172 3366 διατι-13

156 3404 362 3488 θεμένωνοί
348 3400 492 3469 ίπολλοί
504 3394 584 3476 ούδέ
601 3402 734 3485 λέγουσι
745 3414 813 3478 τοῖς
830 3399 1125 3485 παραγιγνομένοις

157 3498 225 3572 ὅτι
244 3506 465 3587 διατίθενται,
484 3493 558 3567 ἀλλ’
584 3495 689 3568 αύτοιῖ
704 3496 825 3587 μένου,
849 3500 910 3568 τού
931 3506 1125 3568 καταλιπεῖν

160 3598 340 3690 διαθήκας,
374 3598 543 3690 μάρτυρας
569 3607 802 3689 παρίστανται,
830 3601 892 3668 τού
920 3598 958 3668 δὲ
986 3603 1125 3687 συμβαί·

159 3699 281 3782 νοντός.
293 3702 435 3776 &umal
450 3715 673 3796 γραμματεῖον
690 3695 873 3787 άλλαγήναι
896 3700 951 3770 καί
967 3694 1126 3782 τάναντία
