2734 4375
489 352 873 409 emersurocnrmcs.
1092 367 1144 418 vu

183 532 212 587 in
233 529 328 586 seriem
347 529 493 585 verborum
513 536 651 602 tamquam
676 543 732 582 non
752 528 858 583 inventa
877 533 1092 598 conquereretur
1110 545 1142 586 ac

182 613 348 689 postliminio
375 615 403 669 iu
423 613 539 669 medium
562 615 707 686 proferret.
730 611 779 666 vlli
804 626 896 668 omnes
913 627 1072 684 quamquam
1089 605 1140 685 pro
1224 609 1227 618 '

181 716 230 754 sua
244 698 360 771 quisque
375 706 453 770 parte
469 713 579 770 operam
594 696 728 752 dederunt
742 703 774 750 ut
788 695 944 752 emendatus
958 696 1081 768 prodiret
1097 713 1140 753 sa·

180 781 317 854 lebrisque
330 790 466 854 purgatus
480 780 585 842 lsaeus,
608 787 697 836 nmen
714 779 831 834 nondum
846 781 883 833 ita
897 779 930 834 ad
944 797 1061 852 unguem
1078 797 1139 852 per·

179 864 282 939 politus
305 871 363 925 est,
384 872 418 919 ut
434 863 537 935 ubique
556 862 681 919 lsoeratis
699 861 862 935 discipulum
877 871 904 918 et
917 865 1076 936 magistrum
1090 864 1139 920 lle·

178 948 331 1006 mosthenis
345 955 374 1002 et
389 941 519 1019 Lysiacae
538 945 709 1021 eloquentiae
723 945 857 1002 aemulum
878 963 1016 1017 agnoscas.
1035 948 1139 1021 xlleque
1163 1000 1165 1006 s

178 1034 205 1089 id
219 1034 332 1091 mirum,
355 1048 415 1086 cum
435 1030 574 1087 codicibus
591 1048 671 1087 manu
693 1031 802 1104 scriptis
818 1046 906 1102 neque
924 1031 1016 1086 multis
1031 1040 1139 1088 utamur
1206 1096 1209 1101 ,

179 1133 270 1188 neque
298 1113 385 1170 bonis.
426 1113 517 1169 Nihilo
542 1115 631 1170 secius
658 1113 700 1170 vel
724 1132 757 1170 ex
781 1131 876 1170 eorum
900 1114 1021 1185 vestigiis
1043 1117 1140 1172 emicat

178 1200 283 1255 Isaeum
303 1215 371 1271 pure
385 1199 540 1261 emendate,
563 1197 701 1271 eleganter
718 1206 846 1260 venuste,
861 1198 979 1270 denique
997 1199 1083 1253 Attice
1097 1198 1139 1254 lo·

179 1291 272 1338 cutum
287 1299 355 1337 esse.

245 1432 248 1438 1
262 1366 354 1438 ltaque
371 1367 394 1422 si
410 1367 526 1439 primum
541 1368 575 1423 de
591 1367 719 1423 formis
732 1366 927 1423 vocabulorum
943 1366 1061 1438 quaeris,
1075 1382 1140 1421 cou-

177 1458 336 1507 sentaneum
357 1460 399 1506 est
421 1467 476 1506 non
502 1451 567 1507 alias
593 1468 655 1506 eum
673 1450 725 1507 sihi
747 1451 917 1524 usurpandas
934 1450 1071 1523 putavisse
1086 1450 1140 1505 nisi

179 1551 247 1609 quae
267 1534 386 1590 Atticum
400 1536 513 1590 maxime
535 1535 664 1592 decerent
680 1552 768 1608 neque
784 1535 898 1590 eundem
912 1535 964 1589 hoe
979 1533 1061 1588 illone
1077 1532 1139 1590 loco

179 1628 314 1691 tamquam
330 1619 372 1673 sui
391 1617 506 1674 oblitum
520 1618 547 1673 in
567 1636 596 1674 se
615 1620 804 1684 admisissent
818 1617 919 1674 talibus
933 1626 1057 1672 uteretur
1070 1635 1139 1690 quae

177 1703 259 1774 longe
283 1702 417 1758 distarent
443 1702 475 1757 ab
495 1720 548 1757 usu
562 1703 716 1759 Atticorum
737 1711 766 1758 et
789 1702 993 1758 consuetudine.
1030 1701 1069 1756 Ex
1084 1718 1157 1777 quo

178 1803 277 1859 genere
293 1794 357 1842 sunt
370 1785 418 1841 illa
432 1777 628 1841 καθιστάνειν
641 1781 691 1861 (or,
705 1792 731 1843 2.
746 1786 765 1856 S
779 1792 821 1846 29.
839 1785 933 1840 Cobeti
948 1793 1016 1840 orat.
1032 1786 1065 1840 de
1081 1794 1139 1842 arte

178 1871 292 1942 interpr.
314 1888 343 1944 p.
368 1875 417 1932 92,
437 1887 488 1925 nos
504 1870 531 1924 in
545 1871 660 1943 praelat.
675 1871 708 1925 ad
723 1869 828 1943 Lysiam
844 1886 872 1942 p.
888 1867 945 1939 Vl),
962 1854 1065 1934 οὐθείς
1084 1887 1138 1941 μη-

178 1950 244 2020 θείς
270 1947 435 2030 μηθὲτερον
456 1949 643 2024 (Schoemann.
666 1955 699 2011 ad
725 1971 766 2009 or.
789 1959 815 2017 7,
836 1953 854 2024 S
875 1948 941 2026 22),
967 1949 1140 2024 ψηφίσεσθε

178 2036 229 2110 (or.
254 2044 279 2095 l.
302 2039 320 2109 S
341 2037 402 2110 51),
424 2027 570 2112 ἐφόρεσαν
591 2037 643 2110 (or.
662 2045 688 2097 4.
713 2037 798 2109 Sl),
819 2025 938 2104 ἄξαντες
960 2054 1000 2093 or.
1016 2043 1041 2094 4.
1059 2037 1077 2108 S
1097 2046 1138 2101 10,

177 2122 229 2178 alia
244 2122 404 2183 eiusmodi,
419 2139 487 2197 quae
501 2139 580 2180 nemo
594 2123 672 2179 facile
687 2123 747 2192 perit
761 2122 843 2177 hodie
859 2122 924 2194 quin
939 2122 1140 2178 condemnanda

177 2223 243 2262 esse*
257 2207 370 2268 iudicet,
385 2209 438 2263 nisi
456 2208 502 2280 qui
518 2209 624 2281 quidvis
635 2209 772 2282 patienter
789 2207 855 2262 ferri
873 2206 972 2262 debere
986 2207 1140 2279 praefracte

177 2290 361 2352 contenderit,
391 2292 464 2363 quod
488 2291 592 2348 librarii
619 2299 666 2348 aut
695 2309 727 2348 er
755 2291 893 2346 inferioris
919 2292 1015 2346 aetatis
1037 2298 1083 2345 aut
1105 2308 1139 2347 ex

177 2371 292 2428 aliarum
311 2373 446 2443 gentium,
468 2376 580 2430 maxime
600 2375 786 2436 Macedonum,
810 2374 946 2430 scribendi
966 2367 1048 2446 prava
1073 2391 1140 2430 eon·

177 2455 322 2513 suetudine
344 2461 392 2510 aut
414 2455 496 2511 etiam
516 2471 549 2510 ex
570 2458 613 2511 sui
635 2459 758 2529 ipsorum
779 2459 910 2531 temporis
930 2457 1097 2512 obscuritate
1111 2465 1146 2511 etl
1175 2501 1177 2510 .

176 2539 302 2596 barbarie
316 2539 344 2593 in
360 2539 522 2612 scriptorem
534 2555 613 2594 suum
627 2540 753 2595 invehere
767 2555 823 2594 non
837 2540 1036 2594 dubitaverunt.
1063 2538 1083 2591 ll
1098 2545 1139 2595 te·

175 2622 248 2679 libus
267 2624 354 2695 igitur
377 2622 505 2679 sordibus
526 2641 542 2678 a
563 2622 660 2679 scribis
683 2621 782 2678 oblatis
802 2629 829 2676 et
848 2621 962 2676 fidenter
981 2623 1138 2694 propagatis

175 2724 238 2764 eum
251 2708 394 2763 manifesto
410 2714 523 2781 apparet
540 2724 620 2781 quam
640 2714 767 2780 suspecta
781 2705 817 2761 sit
832 2712 913 2777 atque
934 2703 1038 2760 infirma
1052 2704 1137 2761 libro·

176 2808 237 2847 rum
257 2792 518 2867 manuscriptorum
537 2792 565 2846 in
582 2792 625 2847 his
638 2790 721 2846 rebus
736 2789 818 2852 lides,
835 2797 892 2845 tum
909 2789 1064 2845 coniectura
1078 2790 1138 2846 lieri

176 2873 256 2931 laeile
269 2882 362 2948 potest
379 2876 443 2948 quid
461 2876 497 2930 sit
512 2876 544 2931 de
559 2878 657 2931 ceteris
672 2875 768 2930 formis
782 2873 946 2935 habendum,
962 2890 1029 2945 quas
1043 2875 1067 2929 si
1082 2891 1137 2930 uon

175 2957 304 3015 barbaras
325 2965 455 3016 attamen
472 2977 506 3015 ne
520 2960 592 3033 ipsas
610 2958 718 3032 quidem
732 2958 767 3014 ab
785 2958 881 3013 Atticis
895 2957 1024 3029 usurpari
1042 2957 1137 3015 solitas

150 3066 153 3074 ¹
177 3059 238 3099 esse
251 3041 295 3097 vel
310 3049 431 3102 veterum
449 3043 688 3117 grammaticorum
704 3044 813 3099 decretu
827 3041 964 3096 declarant
979 3041 1030 3104 vel,
1049 3042 1137 3114 siquis

176 3126 250 3182 torte
268 3125 312 3181 his
334 3141 389 3180 nou
404 3134 508 3183 tantum
528 3127 647 3189 tribuat,
669 3134 702 3182 ut
715 3141 911 3199 usquequaque
927 3140 975 3180 eos
988 3124 1136 3180 audiendos

177 3226 237 3266 esse
259 3210 409 3271 existimet,
432 3220 524 3283 aperte
545 3211 645 3267 docent
672 3210 780 3266 codices
803 3208 1008 3269 emendatiores,
1031 3206 1137 3280 qualem

176 3292 332 3349 Urbinatem
347 3293 516 3350 lsoeratiset
528 3312 624 3368 magua
640 3302 715 3351 certe
736 3310 769 3349 ex
786 3301 865 3367 parte
879 3291 1032 3347 Parisinum
1046 3289 1077 3345 Σ
1085 3290 1135 3347 lle·

176 3377 327 3433 mostheuis
350 3393 410 3433 esse
425 3385 546 3440 constat,
566 3379 600 3433 de
614 3379 693 3435 cuius
708 3378 817 3451 quidem
832 3375 995 3432 auctoritate
1009 3392 1069 3430 cum
1085 3374 1135 3431 ali·

177 3460 304 3533 quamdiu
328 3461 496 3519 consedisset
519 3463 673 3525 contentio,
700 3479 788 3535 nuper
814 3458 998 3515 vehementius
1025 3458 1133 3516 exarsit.

176 3544 245 3602 lsaei
265 3544 373 3617 quidem
392 3545 456 3601 lilrri
478 3544 600 3617 quamvis
618 3546 729 3602 minime
747 3546 823 3618 digni
845 3541 892 3615 qui
911 3559 972 3617 cum
991 3543 1045 3600 illis
1063 3558 1133 3617 quos

177 3628 233 3686 dixi
256 3627 461 3708 comparentur,
485 3637 577 3685 mmeu
589 3636 618 3685 et
633 3629 687 3703 ipsi
705 3646 769 3686 sum
781 3625 945 3702 aliquotiens
957 3628 1084 3691 Atticum.
1101 3630 1141 3684 ut.
