2734 4375
267 412 308 477 80
679 406 810 459 ιυιιον
1127 408 1181 463 οι
1200 409 1226 461 ι

267 573 349 672 ήκεν
365 571 407 650 οὐ
424 579 559 670 έξοάρμει
576 574 597 667 6
614 580 714 665 ναύς,
740 580 797 648 καὶ
812 576 942 669 γράψας
965 578 1151 700 διαθήκην,
1171 575 1228 668 ἐφ’
1257 636 1259 641 .

211 678 317 762 οἷς
345 679 497 769 εἰσήγαγε
526 677 585 750 τδν
610 680 731 767 παῖδα,
757 686 967 750 κατατίθεται
992 677 1073 768 μετά
1097 679 1231 751 τούτων

218 798 253 851 23
268 809 358 872 παρα
346 777 574 902 Πυθοδώρῳ
600 789 775 868 Κηφισιεί,
802 778 999 869 προσήκοντι
1025 774 1123 871 αὐτῷ.
1169 785 1230 851 καὶ

269 879 319 953 ὅτι
336 885 415 1002 μέγ,
434 871 462 950 ά
503 877 641 970 ἄνδρες,
668 875 730 967 οὐχ
748 873 792 960 οἱς
809 881 886 970 περὶ
902 887 1085 1003 γνησίων
1066 907 1232 970 επραττεν

268 979 469 1072 Εὐκτήμων,
499 976 519 1050 6
546 977 744 1102 Ἀνδροκλῆς
773 979 1020 1102 μεμαρτύρημε,
1059 983 1114 1049 καὶ
1146 977 1232 1051 αὐτὸ

268 1086 365 1154 τούτο
391 1078 507 1152 ίκανδν
531 1079 724 1170 τεκμήριον
751 1097 819 1162 τοῖς
843 1078 907 1170 γάρ
925 1078 1027 1168 φύσει
1043 1077 1214 1151 υίέσιν’
1170 1111 1231 1152 αυ·
1280 1151 1282 1157 ,

268 1211 329 1254 του
318 1178 457 1262 οὐδεὶς
469 1179 584 1252 οὐδενὶ
603 1185 639 1250 έν
658 1178 804 1270 διαθήκη
814 1178 944 1271 γράφει
947 1179 1044 1251 δόσιν
1054 1177 1229 1270 οὐδεμίαν,

272 1278 386 1354 διότι
370 1311 389 1353 ο
405 1281 505 1372 νόμος
522 1278 620 1362 αὐτὸς
630 1276 816 1351 αποδέδωσι
824 1308 872 1374 τω
860 1277 1008 1350 νίεῑ
970 1309 1013 1350 τα
1028 1285 1090 1351 τού
1106 1280 1231 1372 πατρὸς

270 1387 326 1453 καὶ
342 1379 424 1453 οὐδὲ
441 1383 677 1453 διαθέσθαι’
638 1409 675 1472 εηι
691 1377 758 1474 ὅτῳ
774 1376 818 1452 άν
834 1373 896 1452 οἷσι
911 1387 1028 1462 παῖδες
1045 1380 1186 1470 γνήσιοι.

218 1504 252 1558 29
344 1485 509 1571 Κειμένου
527 1483 637 1552 δὲτου
626 1450 874 1605 γραμματείου
891 1479 1011 1572 σγεδδν
1029 1479 1084 1552 δύ’
1104 1490 1160 1572 έιη
1174 1487 1230 1554 καὶ
1273 1536 1276 1543 «

269 1611 329 1653 που
317 1585 490 1672 Χαιρέου
506 1578 832 1705 τετελεγτηκότρς,
811 1581 1086 1664 υποπετιτωκότες
1098 1589 1231 1654 οίδε
1188 1613 1230 1674 τη

243 1679 455 1775 άνθροάπμ,
482 1678 579 1752 καὶ
563 1686 708 1805 ορεῖντες
733 1678 964 1806 άπολλύμεγοη
987 1681 1046 1754 τδν
1062 1683 1157 1755 υίκον
1174 1687 1230 1754 καὶ

269 1781 306 1853 νδ
331 1787 435 1874 γήρας
460 1786 516 1854 καὶ
542 1781 604 1871 τήν
628 1780 747 1880 ἄνοιαν
771 1811 831 1853 του
819 1780 1081 1872 Εὐκτήμονος,
1107 1812 1168 1855 οτι
1176 1796 1228 1873 είη

218 1906 252 1960 30
270 1880 382 1966 αὐτοῖς
409 1881 552 1973 ίκανή’
533 1884 681 1973 αφορμή,
708 1893 987 1956 συνεπιτίθενται.
1023 1887 1080 1954 καὶ
1096 1889 1227 1975 πρῶτον

269 1986 330 2076 μὲν
347 1993 505 2056 πείθουσι
520 1983 579 2055 τδν
595 1981 796 2105 Εὐκτήμονα
813 1982 874 2072 τήν
890 1985 952 2073 μέν
969 1981 1170 2107 διαθήκηγ’
1150 2012 1225 2054 ανε-

269 2095 341 2156 λετν
368 2081 411 2166 ὥς
428 2081 469 2155 οὐ
486 2092 650 2175 χρησίμην
665 2074 773 2154 οὐσαν
788 2099 858 2166 τοῖς
875 2092 984 2154 παισί
1010 2090 1068 2185 τῆς
1082 2113 1145 2210 γμρ
1161 2113 1225 2174 φα·

268 2190 367 2308 νερᾶς
392 2181 507 2266 οὐσιας
531 2181 656 2256 οὐδένα
680 2183 798 2275 κύριον
821 2192 958 2257 ἔσεσθαι
973 2183 1227 2275 τελευτήσαντος

228 2342 239 2362 ,
269 2282 482 2375 Εὐκτήμονος
498 2283 601 2356 άλλον
616 2281 638 2375 6
655 2283 713 2366 τάς
728 2290 916 2375 θυγατέρας
933 2289 989 2357 καὶ
1006 2284 1084 2369 τούς
1102 2291 1139 2357 έκ
1154 2287 1228 2359 τού-

155 2467 156 2471 ¹
268 2415 336 2457 των
361 2384 552 2476 γεγονότας
580 2395 612 2457 εί
636 2387 674 2457 δέ
690 2382 893 2477 άποδόμενός
916 2391 1032 2459 τινοῖν
1047 2385 1156 2463 ὄντων
1172 2385 1229 2478 ἄρ

219 2504 251 2557 31
269 2486 387 2579 γύριον
398 2496 583 2577 καταλίποι,
599 2491 697 2562 τούτο
715 2494 858 2576 βεβαίως
870 2492 956 2573 ἕξειν
973 2483 1103 2569 αὐτούς.
1130 2486 1229 2560 6606-

269 2611 330 2671 σας
355 2585 388 2659 δ’
412 2584 431 2660 6
452 2585 642 2678 Εὐκτήμων
664 2585 772 2669 εὐθύς
793 2584 911 2679 άπήτὲι
933 2585 991 2660 τὸν
1016 2588 1230 2678 Πυθόδωρον

268 2687 305 2759 τό
322 2706 560 2779 γραμματεῖον,
579 2691 634 2758 καὶ
651 2692 913 2780 προσεκαλέσατο
931 2697 978 2769 είς
996 2692 1155 2779 ἐμφανῶν
1171 2718 1229 2760 κα-

269 2785 435 2858 τάστασιν.
471 2788 691 2871 καταστάντος
705 2790 743 2859 δέ
755 2793 883 2911 ἐκείνου
901 2787 982 2879 πρὸς
998 2788 1058 2860 τὸν
1074 2787 1227 2883 άργοντα,

219 2902 252 2957 33
270 2885 419 3009 έλεγεν“
400 2915 450 2957 οτι
468 2884 615 2975 βούλοιτ’
633 2885 866 2959 ἀνελέσθαι
829 2918 892 2978 την
910 2890 1086 2979 διαθήκην
1115 2889 1228 2978 ἐπειδή

142 3021 144 3026 ·
272 2981 339 3057 δ’
323 3014 341 3055 ο
359 2986 576 3110 Πμθόδωρος
586 2989 755 3081 ἐκείνω
719 3018 781 3077 μεν
798 2992 853 3059 καί
869 3018 916 3082 τςο
905 2988 1150 3085 Φανοστράτω
1167 3018 1228 3060 πα

270 3085 362 3179 ρόντι
380 3082 540 3176 ὁμολόγει
555 3084 724 3209 άναιρετν,
741 3116 801 3160 τον
789 3091 858 3160 δὲ
869 3063 1013 3181 Χαιρέου
1029 3095 1091 3162 τοῦ
1106 3113 1229 3180 συγκα-

270 3190 396 3278 ταθεμέ
394 3215 455 3258 νου
477 3186 630 3310 θυγάτηρ
647 3179 692 3277 ήν
708 3197 785 3280 μία,
811 3180 851 3279 ής
869 3189 1044 3281 έπειδή’
1000 3220 1115 3284 κυριος
1131 3221 1229 3263 κατα·

271 3297 383 3379 σταίη,
409 3286 483 3359 τότε
508 3283 604 3377 ήξίου
628 3286 778 3379 άνελεῑν,
805 3287 894 3362 καί
877 3320 895 3361 ο
912 3289 1024 3414 άργων
1040 3290 1146 3375 οὕτως
1164 3297 1229 3381 εγί·

271 3410 417 3479 γνωσιιε,
456 3388 818 3508 διομολογησάμενος
802 3422 821 3463 ο
852 3389 1039 3483 Εὐκτήμων
1078 3398 1231 3516 ίγαντίον

271 3494 332 3560 τοῦ
364 3487 520 3612 άρχοντος
553 3492 609 3561 καὶ
643 3519 711 3561 των
733 3497 910 3585 παρέδρων
932 3498 988 3564 καί
1010 3493 1230 3616 ποιησάμενος

271 3588 413 3672 πολλούς
424 3587 591 3682 μάρτυρας
610 3586 655 3671 ὥς
670 3588 782 3663 οὐκέτ’
801 3590 891 3687 αὐτην
879 3591 1050 3666 κέοιτο“
1030 3624 1052 3718 η
1071 3594 1228 3684 διαθήκη,

216 3700 250 3757 33
267 3682 495 3791 §modam
522 3694 578 3762 καὶ
590 3684 626 3764 έν
642 3690 732 3766 πάνυ
738 3691 850 3793 ὀλίγῳ
866 3692 987 3787 χρόνῳ,
1005 3685 1111 3789 οὐπερ
1128 3699 1229 3767 ἕνεκα
